1746 2740
161 99 259 137 XXI
265 99 296 137 Ι.
317 97 333 136 i
641 97 895 137 CORNELI
925 97 1165 137 NEPOTIS

244 215 378 249 mente
396 208 568 261 agitaret,
591 207 623 248 si
650 209 814 260 paulum
838 209 960 248 modo
978 222 1040 248 res
1062 216 1195 249 essent
1217 210 1398 258 refectae,
1419 209 1569 250 bellum

245 288 432 314 renovare
461 276 747 325 Romanosque
769 273 886 313 armis
912 273 1103 325 persequi,
1126 274 1316 314 donicum
1341 282 1410 314 aut
1427 275 1571 316 virtute

206 353 225 386 5
244 339 430 379 vicissent
462 347 530 379 aut
561 338 655 378 victi
684 352 824 378 manus
853 338 1069 379 dedissent.
1126 340 1204 379 hoc
1232 339 1400 380 consilio
1429 354 1571 392 pacem

245 403 479 453 conciliavit,
501 404 542 443 in
571 418 652 455 quo
676 411 785 458 tanta
812 403 886 442 fuit
913 404 1068 452 ferocia,
1096 418 1188 443 cum
1218 405 1384 445 Catulus
1411 413 1571 457 negaret

242 470 393 509 bellum
413 470 736 521 compositurum,
759 468 834 508 nisi
853 468 918 508 ille
938 483 1029 508 cum
1049 469 1140 517 suis,
1163 469 1230 521 qui
1251 471 1418 520 Erycem
1438 478 1572 510 tenue·
1590 487 1608 520 5

244 543 345 583 runt,
385 535 503 575 armis
540 534 684 574 relictis
731 534 864 574 Sicilia
905 535 1155 583 decederent,
1183 542 1238 591 *ut
1285 536 1573 576 succumbente

242 601 367 653 patria
398 600 483 652 ipse
512 600 727 652 periturum
760 614 802 639 se
835 599 967 651 potius
1000 600 1149 647 dixerit,
1183 590 1303 651 quam
1332 615 1426 641 cum
1459 609 1573 642 tanto

243 666 390 717 flagitio
419 667 585 706 domum
612 665 778 705 rediret:
806 679 888 704 non
917 665 1023 704 enim
1047 678 1141 705 suae
1168 679 1255 705 esse
1282 666 1434 706 virtutis
1460 681 1572 708 arma

242 745 267 771 a
291 731 415 783 patria
439 738 602 782 accepta
627 731 813 769 adversus
833 729 957 769 hostis
976 730 1205 770 adversariis
1230 733 1394 771 tradere.
1451 732 1569 772 huius

242 795 481 849 pertinaciae
499 795 616 835 cessit
637 796 812 836 Catulus.
1589 815 1629 838 10

199 871 225 901 2
297 863 351 901 At
379 860 443 901 ille
476 867 518 900 ut
555 860 837 911 Karthaginem
867 860 984 909 venit,
1016 862 1141 901 multo
1174 862 1285 901 aliter
1316 876 1363 902 ac
1396 870 1569 913 sperarat

243 940 326 966 rem
345 923 545 978 publicam
566 939 608 965 se
627 926 841 965 habentem
868 925 1063 977 cognovit.
1122 940 1294 978 namque
1314 926 1570 967 diuturnitate

243 992 391 1032 externi
411 992 503 1031 mali
522 999 676 1031 tantum
696 991 837 1031 exarsit
856 991 1086 1031 intestinum
1105 992 1266 1041 bellurn,
1288 1001 1331 1032 ut
1351 1006 1570 1043 numquam

207 1075 222 1098 2
243 1058 325 1109 pari
354 1057 528 1109 periculo
557 1057 671 1096 fuerit
701 1058 904 1108 Karthago
925 1057 1008 1096 'nisi
1036 1071 1127 1096 cum
1156 1059 1287 1097 deleta
1314 1066 1384 1097 est.
1441 1057 1569 1110 primo

244 1122 500 1162 mercennarii
526 1122 680 1170 milites,
703 1122 771 1173 qui
799 1123 986 1162 adversus
1018 1125 1223 1162 Romanos
1252 1124 1415 1172 fuerant,
1446 1123 1570 1163 desci-
1591 1141 1627 1173 15

243 1196 393 1236 verunt,
416 1202 583 1240 quorum
603 1202 791 1227 numerus
811 1196 891 1227 erat
917 1200 977 1226 xx
1004 1187 1166 1228 milium.
1225 1189 1266 1228 hi
1286 1196 1410 1228 totam
1428 1188 1570 1228 abalie-

205 1269 223 1300 3
244 1261 387 1293 narunt
406 1253 591 1301 Africam,
614 1253 742 1304 ipsam
763 1253 1049 1304 Karthaginem
1079 1262 1366 1304 oppugnarunt.
1425 1254 1570 1305 quibus

244 1318 356 1358 malis
388 1320 490 1358 adeo
518 1325 609 1357 sunt
638 1317 762 1357 Poeni
793 1317 993 1373 perterriti,
1022 1325 1065 1357 ut
1095 1317 1212 1357 etiam
1244 1318 1387 1357 auxilia
1413 1319 1465 1358 ab
1492 1320 1571 1358 Ro-

242 1383 369 1423 manis
388 1382 570 1434 petierint
589 1397 715 1434 eaque
735 1382 987 1433 impetrarint.
996 1376 1002 1380 ¹*
1037 1384 1108 1422 sed
1128 1390 1313 1430 extremo,
1334 1397 1426 1422 cum
1445 1397 1569 1434 prope

242 1447 320 1487 iam
350 1449 402 1487 ad
435 1447 749 1498 desperationem
788 1447 1066 1502 pervenissent,
1101 1447 1369 1487 Hamilcarem
1407 1448 1569 1499 impera·
1589 1467 1629 1489 20

202 1527 223 1558 4
242 1520 367 1552 torem
387 1514 574 1552 fecerunt.
633 1512 665 1551 is
687 1526 769 1551 non
796 1514 924 1551 solum
953 1513 1086 1552 hostes
1114 1526 1138 1551 a
1167 1512 1287 1551 muris
1318 1513 1570 1564 Karthaginis

242 1577 418 1626 removit,
441 1591 532 1617 cum
560 1577 728 1629 amplius
757 1589 781 1616 c
811 1577 917 1616 milia
945 1578 1047 1617 facta
1069 1585 1201 1617 essent
1228 1586 1477 1627 armatorum,
1500 1580 1571 1618 sed

242 1643 361 1683 etiam
385 1657 434 1683 eo
457 1643 658 1695 compulit,
681 1650 724 1682 ut
753 1644 931 1682 locorum
950 1643 1140 1694 angustiis
1166 1643 1287 1683 clausi
1309 1645 1441 1696 plures
1466 1641 1570 1684 fame

242 1722 362 1758 quarn
395 1710 496 1748 ferro
529 1708 740 1748 interirent.
813 1708 948 1747 omnia
984 1708 1132 1760 oppida
1162 1708 1395 1757 abalienata,
1430 1709 1471 1748 in
1509 1709 1569 1748 his

242 1773 399 1813 Vticam
427 1781 547 1825 atque
575 1773 818 1824 Hipponem,
841 1767 1106 1813 valentissima
1134 1763 1442 1822 totius‘Asricae,
1464 1773 1570 1815 resti·
1590 1791 1628 1823 ²5

206 1855 223 1886 5
243 1838 316 1878 tuit
344 1839 500 1890 patriae.
561 1830 768 1890 neque'eo
798 1838 870 1878 fuit
900 1834 1121 1887 contentus,
1147 1841 1218 1879 sed
1242 1839 1360 1879 etiam
1385 1839 1472 1878 finis
1501 1839 1570 1878 im-

243 1903 340 1955 perii
378 1900 616 1955 propagavit,
657 1911 739 1942 tota
778 1903 910 1943 Africa
949 1912 1102 1944 tantum
1140 1905 1266 1944 otium
1304 1905 1487 1952 reddidit,
1527 1912 1571 1944 ut

245 1970 396 2008 nullum
426 1969 466 2007 in
495 1983 542 2008 ea
572 1970 719 2008 bellum
748 1969 944 2008 videretur
973 1970 1104 2008 multis
1133 1970 1247 2010 annis
1276 1970 1405 2010 fuisse.

201 2042 225 2078 3
301 2034 437 2072 Rebus
466 2033 527 2073 his
553 2048 600 2073 ex
629 2034 824 2073 sententia
852 2034 1018 2085 peractis
1039 2035 1177 2074 fidenti
1205 2033 1340 2074 animo
1369 2043 1488 2086 atque
1516 2035 1572 2074 in-

245 2100 345 2137 festo
367 2098 570 2146 Romanis,
588 2113 668 2150 quo
688 2099 838 2138 facilius
855 2113 1013 2138 causam
1034 2100 1208 2139 bellandi
1228 2100 1421 2151 reperiret,
1443 2100 1572 2140 effecit
1591 2117 1631 2149 30

246 2172 288 2203 ut
314 2164 524 2216 imperator
553 2179 645 2204 cum
671 2164 841 2204 exercitu
867 2164 907 2204 in
936 2165 1173 2216 Hispaniam
1195 2164 1420 2213 mitteretur,
1443 2179 1571 2216 eoque

289 2280 309 2300 2
332 2275 389 2300 aut
406 2271 547 2312 uirtute]
573 2275 662 2302 utrte
678 2269 733 2301 A:
757 2275 791 2311 nt
807 2274 899 2301 certe
913 2270 967 2301 B:
991 2274 1082 2301 certe
1098 2269 1194 2300 MRu
1324 2281 1343 2309 4
1368 2271 1399 2300 in
1426 2280 1494 2309 quo
1525 2280 1570 2301 u:

245 2313 280 2343 in
297 2323 363 2352 qua
379 2313 467 2346 codd.
579 2323 598 2352 5
623 2318 802 2345 tenuerant
820 2314 940 2345 Lamb.
1054 2323 1093 2344 10
1117 2313 1256 2344 Catulus
1268 2323 1334 2344 om.
1351 2313 1420 2344 AB
1533 2322 1570 2352 15

246 2356 370 2396 quibus
394 2368 422 2389 a.
450 2357 490 2388 R.
511 2357 561 2388 usi
585 2362 682 2388 erant
705 2356 736 2387 V
735 2357 873 2388 iellzaber
893 2360 922 2388 et
941 2356 1049 2388 Halm
1075 2357 1170 2397 (coefi
1197 2356 1275 2387 Exc.
1303 2356 1396 2395 Par.)
1532 2367 1572 2396 19

248 2399 471 2439 impetrarunt
486 2400 582 2441 thp.
