1746 2740
134 119 183 157 X.
202 119 266 157 vii
621 121 875 161 CORNELI
905 121 1146 161 NEPOTIS

220 229 378 269 maximi
410 231 548 271 fierent
584 238 777 282 sumptus,
809 223 989 271 celeriter¹
1023 230 1191 282 pecunia
1227 231 1367 271 deesse
1403 229 1547 282 coepit,

221 308 362 347 neque,
384 309 464 347 quo
495 309 635 336 manus
664 296 887 348 porrigeret,
909 296 1144 348 suppetebat
1164 295 1238 336 nisi
1264 295 1308 349 >in
1330 295 1547 335 amicorum

222 360 500 412 possessiones.
572 361 614 402 id
646 361 731 402 eius
764 362 874 402 modi
907 369 998 410 erat,
1034 369 1089 411 ut,
1124 375 1214 401 cum
1246 361 1389 401 milites
1416 374 1550 417 recon-

183 425 400 475 3⁴ciliasset‚
425 426 621 467 amitteret
650 426 872 479 optimates.
929 440 1095 478 quarum
1124 440 1252 466 rerum
1283 439 1376 466 cura
1402 427 1551 478 frange·

221 491 335 537 batur
353 499 393 532 et
412 491 589 532 insuetus
610 494 712 532 male
726 492 915 533 audiendi
936 506 1016 532 non
1036 491 1171 532 animo
1182 505 1312 543 aequo
1324 491 1484 540 ferebat,
1498 492 1550 531 de
1569 502 1588 536 5

221 571 262 597 se
292 557 344 596 ab
377 557 423 597 iis
454 559 556 598 male
587 557 809 606 existimari,
842 571 1011 610 quorum
1049 558 1169 609 paulo
1200 564 1294 597 ante
1326 556 1366 596 in
1395 558 1549 597 caelum

221 623 344 662 fuerat
381 624 506 662 elatus
544 622 741 663 laudibus.
815 625 954 674 vulgus
1000 630 1133 662 autem
1181 623 1331 662 offensa
1376 621 1417 661 in
1457 635 1550 662 eum

222 686 390 726 militum
427 689 630 727 voluntate
668 687 828 728 liberius
866 688 1103 739 loquebatur
1140 694 1179 727 et
1221 694 1429 738 tyrannum
1468 700 1549 726 non

222 753 426 791 ferendum
447 752 664 792 dictitabat.

176 823 201 860 8
277 819 391 856 Haec
411 817 478 857 ille.
495 817 653 857 intuens
673 832 764 857 curn
789 832 908 869 quem
935 820 986 859 ad
1015 819 1179 858 modum
1205 819 1358 858 sedaret
1382 816 1550 856 nesciret
1571 830 1613 855 10

221 890 260 922 et
297 896 485 934 quorsum
525 884 736 922 evaderent
775 883 941 932 timeret,
980 883 1208 923 Callicrates
1241 882 1415 934 quidam,
1455 881 1551 921 civis

221 947 486 996 Atheniensis,
509 948 576 1000 qui
597 948 712 988 simul
733 963 824 988 cum
854 963 903 988 eo
933 963 979 988 ex
1009 950 1287 999 Peloponneso
1311 948 1350 986 in
1374 938 1550 987 Siciliam

222 1021 391 1062 venerat,
413 1014 535 1053 homo
565 1021 604 1054 et
631 1014 797 1054 callidus
826 1021 864 1054 et
892 1015 944 1053 ad
973 1015 1150 1053 fraudem
1178 1021 1328 1060 acutus,
1360 1012 1444 1052 sine
1473 1014 1552 1052 ulla

186 1092 201 1114 2
223 1078 408 1130 religione
436 1092 483 1118 ac
513 1080 601 1126 fide,
632 1079 716 1119 adit
743 1080 794 1118 ad
826 1078 998 1118 Dionem
1030 1086 1070 1118 et
1099 1078 1180 1118 ait:
1209 1092 1300 1117 eum
1333 1091 1478 1128 magno
1510 1077 1551 1116 in

222 1143 396 1195 periculo
415 1158 501 1184 esse
521 1152 679 1196 propter
699 1144 958 1184 offensionem
986 1144 1122 1196 populi
1143 1152 1182 1183 et
1211 1143 1348 1183 odium
1370 1142 1549 1190 militum,
1574 1155 1612 1190 ¹5

222 1209 330 1259 quod
350 1210 460 1248 nullo
481 1210 603 1249 modo
616 1209 761 1249 evitare
782 1217 925 1260 posset,
943 1208 1018 1248 nisi
1033 1209 1150 1248 alicui
1170 1223 1330 1248 suorum
1348 1207 1551 1259 negotium

222 1339 421 1386 idoneum,
444 1339 557 1379 facile
576 1339 755 1378 omnium
777 1339 932 1379 animos
955 1339 1203 1391 cogniturum
1229 1339 1551 1391 adversariosque

222 1404 478 1452 sublaturum,
500 1405 609 1455 quod
629 1404 777 1444 inimici
806 1404 889 1444 eius
913 1404 1140 1444 dissidentis
1165 1418 1258 1444 suos
1287 1419 1425 1444 sensus
1443 1419 1551 1457 aper-

185 1485 203 1516 3
222 1469 296 1509 turi
326 1471 463 1509 forent.
522 1469 588 1509 tali
617 1469 784 1509 consilio
814 1470 981 1521 probato
1014 1469 1168 1522 excepit
1201 1471 1271 1509 has
1304 1478 1433 1521 partes
1466 1470 1550 1522 ipse
1570 1479 1612 1503 ²0

223 1533 450 1575 Callicrates
471 1542 510 1574 et
529 1548 570 1574 se
589 1542 714 1574 armat
741 1534 1005 1586 imprudentia
1040 1534 1191 1575 Dionis.
1250 1537 1301 1575 ad
1325 1549 1416 1575 eum
1437 1535 1551 1575 inter-

224 1598 440 1639 ficiundum
462 1599 590 1639 socios
610 1599 817 1650 conquirit,
839 1599 1081 1639 adversarios
1103 1600 1187 1640 eius
1207 1600 1403 1648 convenit,
1418 1600 1551 1640 coniu-

185 1678 205 1709 4
224 1664 375 1704 ratione
395 1665 612 1705 confirmat.
671 1678 742 1712 res,
762 1664 893 1704 multis
910 1665 1079 1704 consciis
1100 1679 1202 1716 quae
1221 1674 1430 1716 gereretur,
1449 1667 1551 1705 elata

222 1731 394 1769 defertur
431 1731 482 1769 ad
521 1729 836 1778 Aristomachen,
885 1744 1057 1770 sororem
1109 1730 1261 1778 Dionis,
1310 1744 1550 1781 uxoremque

222 1797 380 1835 Areten.
439 1795 527 1835 illae
551 1795 691 1835 timore
718 1795 941 1847 perterritae
965 1795 1216 1844 conveniunt,
1239 1795 1351 1836 cuius
1379 1797 1430 1836 de
1455 1795 1551 1848 peri-
1571 1804 1611 1838 25

223 1863 313 1900 culo
333 1860 535 1900 timebant.
594 1869 633 1900 at
662 1861 727 1901 ille
756 1870 872 1913 negat
900 1875 924 1900 a
953 1861 1161 1902 Callicrate
1182 1861 1263 1901 fieri
1283 1861 1358 1901 sibi
1379 1861 1549 1908 insidias,

185 1938 203 1970 5
224 1927 293 1965 sed
315 1926 389 1974 illa,
412 1939 513 1976 quae
533 1934 749 1976 agerentur,
773 1926 854 1965 fieri
876 1934 1087 1978 praecepto
1101 1940 1185 1966 suo.
1231 1926 1412 1966 mulieres
1428 1925 1552 1964 nihilo

224 1990 344 2031 setius
364 1990 613 2032 Callicratem
634 1991 674 2030 in
693 1993 835 2031 aedem
863 1991 1119 2043 Proserpinae
1138 1992 1342 2031 deducunt
1360 2005 1407 2030 ac
1428 1991 1551 2030 iurare

224 2065 381 2108 cogunt,
404 2056 500 2109 nihil
520 2057 572 2097 ab
595 2056 662 2096 illo
686 2057 847 2108 periculi
874 2058 957 2097 fore
985 2056 1116 2096 Dioni.
1175 2056 1240 2095 ille
1265 2057 1339 2095 hac
1365 2055 1551 2107 religione

224 2136 305 2162 non
326 2123 448 2162 modo
467 2135 548 2161 non
569 2129 627 2162 est
647 2122 863 2170 deterritus,
882 2122 952 2161 sed
971 2122 1022 2161 ad
1036 2122 1312 2161 maturandum
1332 2120 1551 2159 concitatus
1581 2127 1623 2160 30

225 2195 298 2235 est,
315 2201 452 2227 verens
473 2201 522 2227 ne
544 2186 648 2238 prius
669 2186 877 2227 consilium
896 2185 1109 2238 aperiretur
1128 2199 1254 2234 suum,
1270 2198 1389 2236 quam
1410 2193 1552 2224 conata

225 2252 460 2303 perfecisset.

269 2369 287 2397 4
311 2357 500 2398 angebatur
526 2357 733 2388 Kellerbauer
875 2365 912 2396 15
945 2356 1023 2388 odio
1040 2355 1073 2386 A
1092 2355 1167 2387 deu.
1311 2365 1351 2395 19
1374 2355 1551 2387 dissidenti

225 2400 342 2433 Bremi
468 2410 510 2441 23
533 2405 693 2440 ageretur
708 2399 915 2431 Kellerbauer
