1746 2740
143 135 253 174 XIV.
269 135 349 173 viii
623 137 877 177 CORNELI
913 137 1153 178 NEPOTIS

229 246 395 286 Graecia
414 248 703 288 conductorum
728 252 787 297 fii,
809 248 906 288 levis
931 256 1150 289 armaturae
1179 249 1393 290 maximum
1421 263 1558 290 nume·

189 325 208 357 3
228 325 326 350 rum.
385 313 455 352 has
483 313 670 353 adversus
693 313 827 365 copias
854 327 944 366 spes
969 314 1100 354 omnis
1125 314 1367 355 consistebat
1397 315 1557 355 Datami

228 375 269 414 in
298 390 340 416 se
369 377 527 428 locique
554 385 716 418 natura:
745 392 918 430 namque
947 379 1064 419 huius
1093 387 1244 431 partem
1273 393 1355 420 non
1384 380 1558 420 habebat

227 440 456 481 vicesimam
486 441 668 482 militum.
724 443 868 494 quibus
892 445 1012 483 fretus
1032 443 1207 483 conflixit
1232 443 1558 484 adversariorum-

228 520 306 557 que
335 508 459 545 multa
487 506 595 546 milia
622 507 807 556 concidit,
831 521 922 547 curn
948 509 1000 547 de
1026 508 1148 559 ipsius
1173 508 1344 548 exercitu
1370 522 1453 548 non
1477 522 1558 549 am·
1575 523 1594 557 5

227 571 330 622 plius
356 571 566 611 hominum
593 572 700 612 mille
722 573 940 612 cecidisset,
1000 587 1119 625 quarn
1139 574 1193 613 ob
1212 587 1371 613 causam
1398 581 1557 625 postero

188 652 209 682 4
228 636 293 676 die
313 644 519 688 tropaeum
545 638 688 689 posuit,
710 652 792 690 quo
810 639 900 678 loco
926 638 1052 690 pridie
1075 647 1293 690 pugnaturn
1314 646 1406 678 erat.
1463 638 1556 679 hinc

228 715 320 740 cum
354 710 481 741 castra
518 703 705 743 movisset
746 717 980 755 semperque
1018 703 1177 743 inferior
1213 702 1338 755 copiis
1381 703 1558 755 superior

229 766 414 807 omnibus
443 767 601 819 proeliis
629 768 865 818 discederet,
890 770 999 820 quod
1028 782 1247 820 numquam
1277 782 1439 808 manum
1464 782 1557 808 con-

228 840 385 881 sereret,
414 832 489 872 nisi
517 847 609 872 cum
637 834 879 874 adversarios
913 836 1089 873 locorum
1122 833 1312 886 angustiis
1340 833 1553 882 clausisset,
1577 849 1617 872 10

229 898 338 948 quod
367 897 493 948 perito
516 897 721 949 regionum
747 899 968 950 callideque
987 898 1175 950 cogitanti
1199 912 1318 950 saepe
1336 899 1554 948 accidebat,

191 974 209 1006 5
230 964 564 1014 Autophrodates,
595 977 687 1002 cum
721 964 869 1003 bellum
899 964 992 1004 duci
1025 964 1173 1004 maiore
1206 964 1306 1015 regis
1334 964 1557 1004 calamitate

230 1041 350 1078 quarn
379 1028 689 1068 adversariorum
709 1029 870 1078 videret,
891 1043 1031 1080 pacem
1059 1028 1355 1080 amicitiamque
1380 1031 1558 1069 hortatus

191 1097 210 1129 6
229 1101 301 1142 est,
325 1100 368 1132 ut
391 1107 483 1132 curn
509 1107 599 1145 rege
624 1093 665 1133 in
687 1094 851 1144 gratiam
878 1094 1034 1134 rediret.
1090 1107 1210 1145 quam
1239 1093 1304 1133 ille
1333 1093 1407 1133 etsi
1436 1095 1558 1134 fidam

228 1171 310 1197 non
348 1159 430 1198 sore
468 1159 644 1209 putabat,
679 1166 811 1199 tamen
850 1159 1128 1199 condicionem
1166 1159 1320 1211 accepit
1352 1173 1474 1210 seque
1506 1160 1558 1199 ad
1579 1173 1616 1205 15

228 1225 483 1263 Artaxerxem
512 1225 661 1274 legatos
687 1223 898 1264 missurum
923 1224 1032 1264 dixit.
1090 1223 1146 1263 sic
1172 1224 1331 1271 bellum,
1354 1225 1465 1275 quod
1492 1238 1559 1264 rex

229 1290 416 1328 adversus
438 1291 636 1329 Datamen
656 1298 890 1341 susceperat,
914 1292 1094 1330 sedatum
1116 1297 1185 1329 est.
1234 1290 1558 1339 Autophrodates

230 1353 271 1392 in
292 1353 500 1405 Phrygiam
521 1368 563 1394 se
583 1354 739 1406 recepit.

183 1427 212 1466 9
284 1421 339 1458 At
364 1433 441 1467 rex,
463 1421 572 1470 quod
598 1419 847 1471 implacabile
867 1420 1003 1460 odium
1030 1420 1071 1459 in
1100 1422 1297 1460 Datamen
1321 1429 1557 1473 susceperat,

229 1492 441 1536 postquam
469 1485 575 1538 bello
598 1499 690 1524 eum
716 1485 884 1536 opprimi
911 1500 992 1526 non
1019 1500 1136 1537 posse
1158 1485 1448 1535 animadvertit,
1468 1486 1558 1526 insi·
1576 1499 1618 1523 20

193 1566 209 1588 2
230 1550 305 1589 diis
331 1550 549 1590 interficere
575 1550 749 1590 studuit:
778 1564 877 1602 quas
900 1551 964 1591 ille
988 1553 1195 1603 plerasque
1219 1551 1388 1591 evitavit.
1443 1551 1555 1600 sicut,

229 1629 320 1655 curn
347 1615 383 1655 ei
409 1615 633 1655 nuntiatum
658 1624 760 1656 esset
786 1618 981 1668 quosdam
1009 1617 1085 1657 sibi
1108 1617 1296 1665 insidiari,
1317 1617 1385 1668 qui
1405 1617 1446 1656 in
1464 1617 1558 1656 ami-

228 1695 364 1721 corum
394 1689 504 1720 erant
533 1695 699 1721 numero
725 1682 794 1733 <de
822 1682 978 1733 quibus,
1007 1683 1117 1734 quod
1146 1682 1295 1722 inimici
1324 1683 1556 1729 detulerant,

228 1760 359 1798 neque
397 1748 640 1787 credendum
678 1761 808 1798 neque
846 1749 1137 1800 neglegendum
1175 1747 1354 1800 putavit),
1394 1746 1557 1798 experiri

191 1826 209 1856 3
228 1812 361 1860 voluit,
383 1826 519 1852 verum
547 1814 740 1852 falsumne
767 1813 842 1853 sibi
868 1822 971 1853 esset
999 1815 1176 1853 relatum.
1234 1813 1367 1864 itaque
1396 1826 1444 1852 eo
1472 1825 1556 1863 pro-
1577 1821 1617 1855 ³5

228 1878 353 1917 sectus
391 1885 460 1926 est,
497 1877 537 1916 in
575 1892 656 1929 quo
694 1878 832 1919 itinere
865 1881 1014 1919 suturas
1047 1879 1210 1919 insidias
1240 1878 1428 1918 dixerant.
1486 1877 1557 1917 sed

228 1942 344 1994 elegit
382 1957 546 1994 corpore
583 1957 630 1983 ac
669 1952 816 1984 statura
854 1944 1096 1984 simillimum
1131 1944 1191 1983 sui
1224 1943 1340 1994 eique
1373 1942 1557 1982 vestitum

228 2021 344 2047 suum
373 2008 485 2048 dedit
512 2016 632 2060 atque
661 2023 710 2049 eo
739 2011 829 2050 loco
858 2010 925 2058 ire,
954 2023 1035 2061 quo
1064 2009 1148 2060 ipse
1177 2016 1397 2055 consuerat,
1422 2006 1557 2055 iussit3

227 2071 312 2123 ipse
331 2080 463 2112 autem
484 2082 624 2113 ornatu
639 2074 862 2126 vestituque
882 2074 1038 2113 militari
1059 2074 1159 2114 inter
1179 2073 1352 2125 corporis
1372 2073 1556 2111 custodes

191 2152 210 2181 4
228 2137 300 2177 iter
322 2138 450 2178 facere
470 2139 610 2191 coepit.
668 2147 709 2179 at
729 2140 987 2188 insidiatores,
1010 2147 1220 2190 postquam
1244 2138 1286 2177 in
1309 2151 1400 2178 eum
1424 2138 1556 2176 locum
1575 2147 1616 2179 30

227 2216 369 2253 agmen
398 2204 589 2255 pervenit,
618 2204 775 2256 decepti
804 2204 943 2245 ordine
970 2212 1090 2255 atque
1119 2202 1261 2243 vestitu
1290 2202 1482 2253 impeturn
1515 2200 1556 2240 in

273 2316 309 2345 17
334 2311 386 2337 est
401 2317 464 2339 om.
489 2307 520 2339 ς’
650 2317 688 2339 21
715 2308 855 2339 euitauit
883 2307 981 2349 Nt'pp.
1001 2319 1008 2339 ε
1032 2307 1151 2338 uitauit
1176 2303 1266 2338 codd.
1398 2314 1440 2344 23
1463 2304 1557 2335 detu-

227 2348 386 2434 leru)n‘t'-‘2‘
527 2353 569 2382 26
592 2351 731 2383 insidias
759 2352 897 2383 euenire
922 2352 953 2383 ς
1092 2361 1135 2390 29
1157 2354 1296 2380 ornatus
1322 2349 1445 2380 uestitu
1475 2347 1555 2389 (om.

226 2403 291 2432 que
