1746 2740
144 118 302 158 XXIII.
325 118 387 157 vii
628 120 881 160 CORNELI
911 120 1153 161 NEPOTIS

231 229 514 281 Karthaginem
530 238 731 271 venerunt.
791 232 864 271 hos
886 231 1091 272 Hannibal
1111 240 1216 273 ratus
1236 233 1296 273 sui
1316 233 1557 286 exposcendi

227 295 348 346 gratia
368 295 525 346 missos²
542 296 770 348 priusquam
792 297 838 336 iis
858 306 1016 337 senatus
1029 299 1195 347 daretur,
1219 313 1358 340 navem
1378 300 1558 341 ascendit

190 378 207 411 7
228 363 328 400 clam
342 369 461 413 atque
482 362 522 400 in
542 361 692 412 Syriam
711 364 763 402 ad
785 362 1027 402 Antiochum
1048 364 1229 415 profugit.
1282 365 1356 403 hae
1372 379 1413 404 re
1428 366 1558 416 palam

228 428 330 466 facta
370 427 494 467 Poeni
528 441 648 468 naves
681 430 794 477 duas,
825 441 927 479 quae
965 442 1055 468 eum
1095 430 1489 480 comprehenderent,
1525 429 1557 468 si

228 499 390 542 possent
419 492 622 543 consequi,
646 492 846 541 miserunt,
868 493 975 532 bona
1000 493 1084 532 eius
1108 493 1369 544 publicarunt,
1391 495 1556 534 domum
1577 510 1594 542 5

228 571 251 596 a
274 557 542 597 fundamentis
564 556 813 606 disiecerunt,
835 557 965 610 ipsum
985 559 1139 598 exulem
1161 558 1393 598 iudicarunt.

185 624 209 662 8
282 624 337 661 At
376 622 581 663 Hannibal
612 636 719 662 anno
751 623 877 672 tertio,
913 631 1124 675 postquam
1162 624 1286 663 domo
1323 625 1556 675 profugerat,

230 689 272 727 L.
297 687 483 727 Cornelio
513 688 562 737 Q.
585 687 766 727 Minucio
795 688 1038 737 consulibus,
1067 702 1158 728 cum
1188 688 1364 740 quinque
1392 689 1558 729 navibus

227 751 401 791 Africam
432 752 597 792 accessit
626 752 666 791 in
691 752 836 792 finibus
863 754 1166 804 Cyrenaeorum,
1201 754 1232 793 si
1263 755 1362 794 forte
1395 755 1560 794 Kartha-

228 817 424 869 ginienses
445 819 495 857 ad
515 818 664 857 bellum
682 818 870 858 Antiochi
887 832 956 870 spe
973 819 1196 870 fiduciaque
1211 820 1398 859 inducere
1412 827 1557 871 posset,
1579 825 1618 856 1‘0

229 882 293 922 cui
321 882 399 922 iam
429 890 672 935 persuaserat
699 870 742 923 u⁸t
768 897 859 923 cum
889 884 1122 924 exercitibus
1152 885 1191 923 in
1224 885 1378 924 Italiam
1407 884 1559 936 profici-

193 966 208 989 α
230 955 411 988 sceretur.
470 950 548 988 huc
586 950 802 1000 Magonem
841 950 996 989 fratrem
1037 949 1189 989 excivit.
1249 951 1289 989 id
1327 950 1396 989 ubi
1435 949 1557 989 Poeni

229 1013 478 1062 resciverunt,
516 1015 731 1065 Magonem
763 1016 914 1062 eadem,
946 1029 1025 1066 qua
1055 1017 1222 1063 fratrem,
1256 1015 1462 1055 absentem
1492 1017 1559 1055 ad-

229 1079 404 1118 fecerunt
427 1092 566 1130 poena.
626 1078 681 1118 illi
705 1079 920 1131 desperatis
944 1081 1061 1120 rebus
1088 1094 1179 1120 cum
1207 1080 1414 1120 solvissent
1437 1093 1558 1119 naves

227 1157 273 1183 ac
294 1145 379 1183 vela
397 1143 524 1184 ventis
547 1145 764 1193 dedissent,
786 1145 991 1184 Hannibal
1017 1146 1069 1184 ad
1095 1145 1339 1185 Antiochum
1368 1144 1556 1197 pervenit.
1578 1158 1617 1192 ¹5

228 1210 279 1248 de
309 1209 493 1260 Magonis
522 1209 679 1249 interitu
707 1211 853 1262 duplex
878 1210 1067 1249 memoria
1094 1210 1249 1261 prodita
1275 1217 1357 1250 est:
1386 1218 1561 1261 namque

228 1273 293 1313 alii
313 1273 527 1325 naufragio,
542 1274 607 1313 alii
627 1288 650 1314 a
670 1275 830 1315 servolis
851 1274 974 1325 ipsius
989 1274 1238 1314 interfectum
1258 1288 1350 1314 eum
1370 1273 1558 1325 scriptum

191 1356 211 1388 3
229 1338 481 1390 reliquerunt,
539 1339 761 1379 Antiochus
787 1347 920 1379 autem
948 1339 980 1378 si
1004 1347 1084 1379 tam
1104 1340 1145 1378 in
1163 1341 1319 1391 agendo
1340 1340 1444 1378 bello
1468 1352 1559 1378 con-

229 1403 324 1443 siliis
349 1404 432 1443 eius
456 1418 591 1455 parere
611 1404 808 1452 voluisset,
833 1418 952 1455 quam
977 1404 1018 1443 in
1045 1404 1298 1455 suscipiendo
1326 1403 1556 1451 instituerat,

229 1468 389 1520 propius
431 1469 567 1508 Tiberi
611 1483 732 1521 quam
777 1469 1055 1520 Thermopylis
1102 1470 1154 1508 de
1201 1482 1355 1508 summa
1406 1467 1558 1519 imperii
1579 1483 1618 1505 20

228 1533 464 1574 dimicasset.
523 1548 643 1585 quem
673 1534 745 1574 etsi
775 1536 898 1573 multa
927 1535 1044 1573 stulte
1073 1534 1206 1573 conari
1233 1533 1402 1580 videbat,
1426 1540 1558 1572 tamen

191 1615 210 1646 4
229 1600 337 1638 nulla
364 1599 535 1638 deseruit
556 1599 596 1638 in
616 1613 666 1639 re.
726 1598 893 1650 praefuit
912 1598 1048 1650 paucis
1069 1598 1245 1646 navibus,
1267 1611 1365 1649 quas
1385 1611 1432 1637 ex
1451 1597 1559 1649 Syria

229 1663 356 1703 iussus
387 1671 468 1703 erat
498 1664 540 1703 in
571 1664 707 1703 Asiam
741 1665 900 1712 ducere,
931 1663 1058 1714 iisque
1087 1664 1273 1702 adversus
1308 1661 1558 1701 Rhodiorum

228 1731 393 1769 classem
415 1729 455 1768 in
478 1728 712 1780 Pamphylio
733 1729 828 1768 mari
849 1728 1035 1768 conflixit.
1093 1741 1174 1778 quo
1195 1740 1286 1766 cum
1306 1726 1558 1766 multitudine

228 1795 537 1838 adversariorum
567 1794 627 1833 sui
656 1801 940 1846 superarentur,
963 1794 1047 1845 ipse
1076 1806 1157 1844 quo
1183 1805 1306 1832 cornu
1332 1805 1413 1831 rem
1440 1791 1558 1843 gessit
1577 1802 1616 1836 ²5

229 1859 301 1898 suit
320 1859 505 1910 superior.
727 1900 732 1904 ,
859 1872 862 1875 ·

182 1936 211 1974 9
283 1924 484 1963 Antiocho
514 1926 648 1976 fugato
677 1938 815 1964 verens
844 1938 895 1963 ne
923 1925 1143 1970 dederetur,
1176 1923 1285 1974 quod
1319 1922 1404 1962 sine
1435 1921 1559 1961 dubio

229 1989 445 2037 accidisset,
477 1989 508 2028 si
538 1990 597 2028 sui
622 1989 778 2029 fecisset
806 1996 1054 2040 potestatem,
1078 1989 1237 2028 Cretam
1266 1988 1318 2026 ad
1347 1987 1559 2037 Gortynios

194 2069 209 2090 2
230 2054 347 2102 venit,
378 2063 419 2093 ut
450 2054 518 2103 ibi,
547 2067 628 2105 quo
659 2068 701 2093 se
727 2055 933 2101 conferret,
964 2053 1240 2092 consideraret.
1299 2052 1397 2091 vidit
1424 2059 1557 2090 autem

230 2120 287 2159 vir
306 2120 484 2158 omnium
510 2119 786 2158 callidissimus
812 2132 958 2169 magno
980 2131 1023 2157 se
1049 2119 1132 2157 sore
1160 2117 1344 2168 periculo,
1366 2116 1440 2154 nisi
1461 2116 1556 2167 quid
1575 2127 1618 2158 30

229 2184 476 2235 providisset,
504 2191 662 2234 propter
690 2183 891 2222 avaritiam
923 2182 1199 2223 Cretensium:
1241 2194 1422 2231 magnam
1451 2180 1556 2219 enim

271 2289 294 2318 6
316 2288 471 2319 dicarunt
486 2287 644 2318 ABPRu
789 2298 806 2327 7
831 2291 952 2326 quarto
968 2286 1066 2327 Nrpp.
1196 2295 1235 2315 ro
1260 2284 1422 2315 inducere
1441 2288 1558 2323 posset

229 2341 295 2362 om.
314 2330 436 2362 ABP:
461 2336 602 2370 possent
620 2330 734 2361 induci
751 2330 847 2370 Nt'pp.
866 2341 873 2360 ε
898 2330 1140 2360 inducerentur
1162 2328 1269 2358 Halm
1385 2338 1420 2366 14
1446 2337 1556 2366 poena

229 2375 412 2405 affecerunt
436 2374 465 2406 ς’
600 2375 639 2404 18
662 2372 812 2412 agendo]
836 2373 988 2412 gerendo
1014 2372 1133 2403 Lamb.
1269 2382 1308 2409 24
1334 2381 1400 2409 quo
1427 2370 1556 2409 proelio

229 2417 328 2449 Fleck.
349 2429 355 2448 :
380 2418 411 2447 in
428 2427 496 2456 quo
514 2416 633 2448 Lami».
768 2418 809 2446 28
833 2416 996 2446 cortinios
1013 2414 1146 2445 ABPR
