1746 2740
148 100 259 139 XVI.
281 100 296 138 i
637 100 891 141 CORNELI
919 99 1158 140 NEPOTIS

208 220 483 268 ‘removerunt
511 213 759 266 pecuniaque
787 215 1013 262 multarunt,
1044 227 1175 265 neque
1203 226 1252 254 eo
1281 212 1407 265 magis
1426 225 1558 253 arcem

232 279 436 319 Thebanis
455 280 723 328 reddiderunt,
745 280 853 330 quod
869 278 1061 330 susceptis
1074 278 1288 318 inimicitiis
1308 278 1429 318 satius
1441 279 1560 318 duce·

231 344 328 383 bant
347 358 415 384 eos
435 344 606 384 obsideri
627 358 746 395 quam
765 344 930 384 liberari.
988 358 1080 384 nam
1104 352 1193 396 post
1223 343 1558 396 Peloponnesium

232 409 380 448 bellum
410 411 667 460 Athenasque
695 409 870 449 devictas
899 423 990 449 cum
1020 409 1224 449 Thebanis
1255 409 1329 448 sibi
1355 422 1438 448 rem
1471 422 1558 448 esse

150 528 152 531 Α
231 473 508 513 existimabant
527 482 566 513 et
585 488 654 514 eos
677 487 764 514 esse
790 476 909 523 solos,
935 474 1004 525 qui
1029 475 1217 514 adversus
1240 474 1418 514 resistere
1441 475 1558 513 aude-
1576 487 1595 519 5

192 557 210 588 4
231 546 328 578 rent.
386 540 461 578 hac
490 547 623 578 mente
651 539 787 578 amicis
816 540 896 578 suis
925 552 1099 578 summas
1128 547 1342 590 potestates
1365 540 1558 579 dederant

230 603 467 655 alteriusque
493 603 674 643 factionis
699 603 895 655 principes
924 604 1065 655 partim
1091 604 1377 652 interfecerant,
1397 603 1496 643 alios
1515 603 1556 643 in

231 668 410 708 exsilium
425 668 621 708 eiecerant
639 684 647 708 z
675 668 716 707 in
736 668 880 720 quibus
901 668 1112 720 Pelopidas
1132 668 1210 718 hic,
1226 670 1278 708 de
1291 682 1373 720 quo
1388 668 1557 709 scribere

230 733 356 773 exorsi
376 747 523 782 sumus,
544 735 679 784 pulsus
698 733 823 785 patria
841 734 1010 773 carebat.

186 814 211 842 2
286 799 343 839 Hi
372 813 511 839 omnes
540 800 619 839 fere
648 801 827 839 Athenas
856 814 898 839 se
927 801 1187 848 contulerant,
1209 813 1290 839 non
1310 814 1391 851 quo
1420 813 1555 851 seque·
1577 814 1618 838 ιο

229 872 362 904 rentur
374 864 510 912 otium,
528 865 598 904 sed
618 871 672 913 ut,
690 878 809 915 quem
830 878 877 904 ex
895 865 1075 916 proximo
1087 867 1220 904 locum
1235 867 1314 904 fors
1334 865 1552 913 obtulisset,

193 946 208 969 2
229 943 278 969 eo
306 929 470 980 patriam
499 942 727 980 recuperare
755 929 998 969 niterentur.-
1039 929 1172 980 itaque
1200 943 1291 969 cum
1320 937 1477 981 tempus
1496 937 1555 969 est

228 994 356 1034 visum
381 994 436 1034 rei
463 995 669 1045 gerendae,
690 993 954 1033 communiter
981 1007 1072 1033 curn
1101 994 1160 1043 iis,
1180 994 1249 1045 qui
1276 994 1428 1034 Thebis
1447 994 1553 1034 idem

228 1059 462 1108 sentiebant,
483 1059 589 1099 diem
614 1060 844 1110 delegerunt
871 1060 923 1098 ad
947 1058 1130 1099 inimicos
1153 1059 1436 1111 opprimendos
1465 1059 1556 1099 civi-

227 1133 428 1176 tatemque
456 1124 701 1164 liberandam
728 1138 831 1172 eum,
862 1138 943 1175 quo
972 1124 1132 1163 maximi
1163 1124 1411 1176 magistratus
1436 1124 1551 1164 simul
1577 1138 1613 1172 ¹5

190 1206 208 1237 3
227 1198 463 1230 consuerant
482 1189 641 1241 epulari.
699 1202 865 1240 magnae
885 1203 1003 1240 saepe
1022 1203 1082 1229 res
1095 1203 1177 1229 non
1196 1189 1250 1229 ita
1265 1189 1416 1240 magnis
1428 1189 1553 1241 copiis

227 1263 319 1295 sunt
348 1263 490 1306 gestae,
524 1256 595 1295 sed
633 1255 811 1306 profecto
849 1268 1068 1305 numquam
1098 1262 1180 1294 tam
1213 1255 1264 1294 ab
1297 1254 1406 1294 tenui
1440 1254 1553 1294 initio

226 1329 358 1360 tantae
378 1334 473 1372 opes
493 1327 585 1359 sunt
604 1320 843 1371 profligatae.
902 1333 994 1359 nam
1023 1319 1238 1359 duodecim
1264 1319 1552 1360 adulescentuli

225 1386 404 1425 coierunt
429 1399 476 1425 ex
502 1385 559 1433 iis,
581 1385 650 1436 qui
676 1384 813 1424 exsilio
841 1392 951 1424 erant
979 1384 1143 1432 multati,
1166 1398 1257 1423 cum
1286 1384 1452 1424 omnino
1470 1397 1552 1423 non

225 1458 357 1490 essent
375 1450 544 1501 amplius
564 1457 736 1498 centum,
759 1449 827 1500 qui
848 1457 958 1489 tanto
978 1462 1020 1489 se
1040 1450 1222 1489 offerrent
1242 1449 1428 1501 periculo.
1473 1462 1552 1500 qua
1574 1464 1613 1485 ιο

186 1535 206 1565 4
224 1515 421 1566 paucitate
467 1528 651 1566 percussa
697 1522 756 1554 est
800 1514 1208 1554 Lacedaemoniorum
1253 1514 1438 1566 potentia„
1510 1514 1551 1552 hi

225 1580 331 1620 enim
360 1593 441 1619 non
471 1579 594 1631 magis
622 1579 932 1620 adversariorum
961 1579 1122 1619 factioni
1142 1593 1262 1630 quam
1283 1578 1483 1630 Spartanis
1502 1592 1552 1619 eo

224 1653 402 1697 tempore
422 1646 570 1685 bellum
591 1645 816 1693 intulerunt,
840 1645 908 1696 qui
934 1645 1132 1696 principes
1158 1653 1268 1684 erant
1294 1644 1414 1684 totius
1435 1645 1552 1684 Grae-

224 1711 331 1751 ciae:
360 1724 528 1762 quorum
548 1710 701 1762 imperii
730 1710 924 1759 maiestas,
948 1724 1078 1762 neque
1098 1710 1151 1749 ita
1180 1712 1305 1750 multo
1329 1718 1429 1761 post,
1451 1711 1551 1749 Leu-

186 1791 203 1822 5
223 1776 343 1816 ctrica
375 1790 506 1827 pugna
542 1777 595 1815 ab
626 1777 703 1815 hoc
740 1775 853 1815 initio
890 1777 1069 1826 perculsa
1100 1775 1284 1814 concidit.
1342 1774 1398 1814 illi
1435 1774 1551 1826 igitur
1571 1789 1609 1821 ²⁵

223 1841 447 1889 duodecim,
463 1855 630 1892 quorum
646 1842 726 1880 dux
741 1848 822 1880 erat
837 1840 1058 1891 Pelopidas,
1080 1854 1171 1879 cum
1191 1839 1359 1879 Athenis
1379 1839 1549 1879 interdiu

222 1906 402 1954 exissent,
433 1914 475 1945 ut
503 1913 801 1956 vesperascente
829 1907 940 1944 caelo
968 1905 1128 1944 Thebas
1148 1913 1308 1956 possent
1334 1905 1547 1956 pervenire,

222 1985 313 2010 cum
333 1971 497 2011 canibus
517 1971 705 2010 venaticis
721 1971 908 2018 exierunt,
926 1970 1021 2010 retia
1036 1972 1215 2018 ferentes,
1232 1970 1374 2010 vestitu
1393 1971 1546 2021 agresti,

222 2050 302 2087 quo
341 2036 491 2076 minore
528 2036 752 2087 suspicione
788 2038 961 2075 facerent
999 2035 1079 2075 i-ter.
1144 2035 1213 2087 qui
1248 2049 1339 2074 curn
1370 2043 1547 2086 tempore

223 2101 319 2153 ipso,
342 2115 425 2152 quo
443 2103 683 2149 studuerant,
706 2101 988 2152 pervenissent,
1015 2102 1180 2140 domum
1200 2099 1395 2141 Charonis
1415 2101 1547 2139 dever-
1567 2111 1609 2143 30

223 2174 366 2215 terunt,
385 2181 409 2205 a
428 2180 508 2217 quo
528 2174 566 2206 et
586 2174 742 2217 tempus
762 2175 800 2206 et
819 2167 904 2206 dies
925 2175 1005 2206 erat
1025 2169 1151 2206 datus.

180 2240 205 2277 3
279 2233 371 2270 Hoc
391 2233 480 2270 loco
500 2231 595 2270 libet
615 2230 873 2283 interponere,
898 2231 971 2270 etsi
990 2231 1210 2271 seiunctum
1226 2232 1278 2270 ab
1291 2244 1331 2270 re
1346 2231 1545 2282 proposita

269 2346 304 2367 11
331 2346 430 2375 quern
457 2334 619 2376 Madvtgr:
651 2346 816 2375 quemque
833 2335 919 2367 codd.
1050 2346 1097 2374 12,
1121 2345 1158 2374 13
1182 2340 1273 2367 esset
1290 2335 1398 2366 uisum
1417 2325 1543 2366 Dietscli

222 2388 259 2411 21
286 2378 441 2421 perculsa
457 2378 496 2410 Ρ.
512 2378 634 2409 Daniel
762 2389 804 2419 30
828 2380 1046 2411 deuerterunt
1063 2378 1177 2410 Lamb.
1198 2390 1205 2411 ε
1229 2379 1439 2410 deuenerunt
1450 2378 1538 2411 codd.
