1746 2740
168 92 254 155 xv.
275 117 355 156 vm
651 118 905 158 CORNELr
934 117 1176 159 NEPOTIS

250 228 494 278 daemonios‚
530 242 631 280 quos
663 236 756 268 ante
786 242 829 269 se
864 228 1141 280 imperatorem
1178 243 1299 270 nemo
1337 231 1578 269 Boeotorum

212 310 231 341 4
250 307 368 332 ausus
387 293 460 333 fuit
478 293 654 346 aspicere
679 293 722 334 in
739 294 837 343 acie,
857 295 1048 346 quodque
1073 309 1156 335 uno
1173 295 1325 347 proelio
1347 308 1431 334 non
1450 295 1579 334 solum

250 359 412 398 Thebas
431 359 482 398 ab
502 358 662 399 interitu
688 359 860 409 retraxit,
878 361 950 400 sed
976 360 1095 400 etiam
1121 360 1345 400 universam
1372 358 1579 399 Graeciam

250 421 292 462 in
321 423 539 463 libertatem
559 423 773 464 vindicavit
792 438 920 476 eoque
948 439 1010 464 res
1037 433 1295 476 utrorumque
1322 424 1515 476 perduxit,
1536 431 1581 463 ut

251 487 433 526 Thebani
460 489 639 538 Spartam
677 497 960 539 oppugnarent,
994 489 1303 529 Lacedaemonii
1335 489 1429 528 satis
1462 489 1580 528 habe·
1599 501 1617 534 5

211 563 231 597 5
251 560 351 601 rent,
369 551 402 591 si
421 552 515 592 salvi
535 566 621 592 esse
640 561 812 604 possent,
834 567 966 605 neque
984 554 1092 605 prius
1110 555 1257 594 bellare
1275 554 1437 602 destitit,
1458 567 1579 606 quam

252 619 438 657 Messene
467 618 645 658 restituta
673 619 812 658 urbem
845 633 983 659 eorum
1015 619 1226 659 obsidione
1263 619 1426 659 clausit!
1481 620 1580 659 haec

249 695 342 721 cum
380 682 550 731 dixisset,
592 683 691 722 risus
731 683 912 723 omnium
949 697 1043 723 cum
1079 684 1274 723 hilaritate
1311 692 1470 724 coortus
1507 692 1579 732 est,

248 761 381 798 neque
413 747 625 799 quisquam
655 747 776 787 iudex
804 761 924 788 ausus
956 756 1016 788 est
1046 749 1098 788 de
1128 762 1177 788 eo
1208 750 1306 788 ferre
1340 749 1577 800 suffragium.

251 813 306 852 sic
325 827 350 852 a
367 813 516 852 iudicio
535 813 674 864 capitis
694 813 865 853 maxima
882 813 1063 853 discessit
1079 814 1212 865 gloria.
1602 829 1642 852 ιο

203 887 232 926 9
306 878 389 917 Hic
414 886 589 918 extremo
622 886 800 930 tempore
829 878 1042 930 imperator
1071 880 1181 930 apud
1211 879 1459 918 Mantineam
1488 893 1579 918 cum

250 943 336 983 acie
355 943 544 983 instructa
568 943 758 983 audacius
783 943 944 983 instaret
971 945 1118 991 hostes,
1140 943 1321 995 cognitus
1340 957 1364 982 a
1385 945 1581 983 Lacedae-

251 1008 405 1057 moniis,
427 1009 538 1060 quod
563 1008 605 1047 in
633 1008 749 1047 unius
772 1008 945 1058 pernicie
964 1008 1049 1048 eius
1074 1008 1222 1060 patriae
1245 1007 1361 1047 sitam
1387 1009 1580 1059 putabant

252 1075 430 1123 salutern,
461 1073 631 1113 universi
659 1073 702 1113 in
731 1087 856 1112 unum
887 1073 1081 1124 impeturn
1108 1075 1286 1113 fecerunt
1313 1087 1446 1125 neque
1473 1073 1580 1125 prius

249 1139 536 1187 abscesserunt,
551 1153 672 1190 quam
685 1152 828 1190 magna
842 1140 965 1178 caede
979 1138 1193 1190 multisque
1209 1138 1351 1178 occisis
1370 1138 1582 1179 fortissime
1604 1154 1615 1177 1
1623 1153 1642 1187 5

251 1204 381 1256 ipsum
403 1203 724 1256 Epaminondam
749 1211 1003 1254 pugnantem,
1025 1217 1142 1254 sparo
1163 1203 1320 1243 eminus
1337 1217 1580 1256 percussum,

215 1282 232 1304 2
252 1269 463 1309 concidere
490 1269 682 1309 viderunt.
739 1268 859 1308 huius
886 1281 982 1308 casu
1008 1268 1256 1320 aliquantum
1285 1269 1471 1308 retardati
1489 1276 1582 1308 sunt

253 1333 420 1382 Boeotii,
444 1348 575 1385 neque
598 1341 732 1373 tamen
755 1333 862 1384 prius
883 1347 1017 1385 pugna
1038 1341 1300 1382 excesserunt,
1321 1347 1443 1385 quam
1469 1347 1583 1385 repu-

215 1414 233 1445 3
250 1397 406 1449 gnantis
425 1398 689 1450 profligarunt.
746 1405 787 1437 at
807 1398 1118 1450 Epaminondas,
1140 1412 1233 1438 cum
1251 1398 1582 1438 animadverteret

251 1463 494 1503 mortiferum
523 1476 566 1503 se
593 1464 737 1502 vulnus
762 1463 964 1513 accepisse
992 1463 1199 1514 simulque,
1230 1463 1264 1502 si
1292 1465 1447 1511 ferrum,
1469 1463 1581 1514 quod
1601 1479 1643 1501 20

251 1542 299 1567 ex
318 1527 446 1567 hastili
466 1528 507 1567 in
526 1542 691 1579 corpore
709 1535 959 1576 remanserat,
987 1528 1223 1575 extraxisset,
1255 1528 1429 1567 animam
1447 1527 1580 1567 statim

251 1593 496 1642 emissurum,
519 1607 644 1644 usque
663 1607 712 1632 eo
731 1593 901 1641 retinuit,
924 1594 1058 1644 quoad
1078 1593 1346 1633 renuntiatum
1366 1601 1426 1632 est
1440 1593 1581 1633 vicisse

211 1670 232 1702 4
252 1658 449 1698 Boeotios.
508 1658 549 1697 id
582 1666 793 1709 postquam
830 1658 992 1707 audivit,
1028 1658 1164 1697 ‘satis’
1196 1657 1325 1709 inquit
1357 1657 1486 1698 ‘vixiz
1525 1656 1583 1697 in-

249 1723 376 1763 victus
405 1723 511 1762 enim
541 1723 709 1762 morior.'
765 1731 849 1762 turn
879 1725 981 1762 ferro
1013 1731 1189 1763 extracto
1217 1722 1425 1762 confestim
1453 1722 1582 1763 exani-

250 1796 378 1828 matus
396 1796 465 1828 est.
646 1809 651 1814 ·
1600 1802 1641 1835 25

184 1864 232 1892 10
306 1854 387 1893 Hic
416 1868 576 1894 uxorem
605 1867 824 1904 numquam
843 1853 966 1894 duxit.
1023 1854 1065 1893 in
1094 1868 1174 1906 quo
1203 1867 1295 1893 cum
1323 1854 1581 1904 reprehende-

250 1926 354 1958 retur
382 1920 491 1969 quod
519 1919 664 1958 liberos
693 1932 775 1957 non
804 1918 1051 1970 relinqueret,
1082 1933 1107 1958 a
1135 1918 1342 1969 Pelopida,
1360 1917 1428 1969 qui
1455 1917 1579 1956 filium

250 1983 423 2022 habebat
457 1983 655 2031 infamem,
688 1985 870 2034 maleque
900 1997 992 2022 eum
1025 1983 1066 2022 in
1104 1996 1153 2022 eo
1190 1982 1337 2034 patriae
1374 1983 1580 2022 consulere

250 2048 408 2095 diceret,
433 2052 442 2068 ‘
457 2048 546 2087 vide
563 2050 570 2065 ’
591 2047 718 2098 inquit
741 2051 814 2087 ‘ne
834 2056 876 2087 tu
896 2048 1009 2098 peius
1028 2049 1222 2095 consulas,
1245 2047 1311 2098 qui
1334 2049 1451 2086 talem
1471 2060 1519 2086 ex
1538 2054 1578 2086 te

214 2128 230 2149 2
251 2120 387 2151 natum
407 2112 609 2151 relicturus
629 2112 691 2151 sis.
750 2126 881 2163 neque
900 2126 993 2152 vero
1013 2112 1128 2163 stirps
1146 2120 1277 2163 potest
1296 2111 1393 2150 mihi
1412 2112 1552 2151 deesse
1568 2125 1576 2150 :
1597 2127 1639 2157 30

250 2190 422 2227 namque
451 2191 498 2216 ex
528 2191 591 2216 me
620 2185 753 2216 natam
782 2177 963 2228 relinquo
991 2191 1162 2228 pugnam
1194 2176 1451 2223 Leuctricam,
1474 2189 1576 2228 quae

294 2291 314 2311 2
337 2279 414 2320 fuit]
432 2280 477 2311 sit
494 2280 600 2311 Halm
620 2292 626 2311 :
652 2285 703 2312 est
719 2280 819 2312 Fleck.
840 2283 869 2311 et
883 2280 949 2311 cod.
970 2279 1165 2311 Marcianus
1319 2289 1357 2309 12
1381 2279 1577 2311 hostibus?

254 2334 290 2363 17
315 2333 393 2354 casu
410 2323 464 2354 Pu
480 2334 487 2353 τ
511 2334 611 2354 causa
629 2324 692 2355 rell.
836 2333 877 2362 27
899 2324 990 2362 quod
1008 2347 1015 2354 .
1035 2346 1045 2355 .
1065 2347 1071 2354 .
1090 2323 1296 2362 relinqueret
1315 2324 1392 2363 post
1410 2321 1575 2363 Pelopida

245 2367 341 2408 ponit
355 2364 458 2405 Leid„
470 2369 547 2408 post
561 2366 687 2398 diceret
702 2366 736 2398 F
732 2367 800 2398 leck.
824 2378 831 2397 ε
854 2366 924 2398 incl.
942 2365 1063 2397 Bosius
