1746 2740
726 117 994 156 EVMENES
1359 129 1374 143 ·
1386 117 1544 155 XVIII.
1566 117 1614 154 iv

193 243 276 269 non
303 229 411 281 prius
439 228 616 269 distracti
645 236 747 278 sunt,
774 243 894 280 quam
922 230 1088 269 alterum
1118 228 1251 269 anima
1277 228 1524 280 relinqueret.

192 295 244 334 ab
270 295 348 334 hoc
370 293 522 345 aliquot
547 294 672 346 plagis
700 295 902 334 Eumenes
921 296 1156 343 vulneratur,
1179 308 1310 345 neque
1330 307 1379 334 eo
1403 293 1527 344 magis

193 374 241 399 ex
258 359 410 411 proelio
429 359 609 409 excessit,
629 361 701 399 sed
723 359 851 399 acrius
877 360 1002 399 hostis
1022 359 1173 399 institit.
1232 358 1298 399 hic
1325 358 1526 410 equitibus
1547 370 1566 401 3

192 425 420 476 profligatis,
457 424 666 465 interfecto
711 426 814 465 duce
853 427 1026 473 Cratero,
1067 424 1200 464 multis
1245 432 1446 476 praeterea
1487 432 1526 464 et

154 505 173 537 5
193 489 362 529 maxime
382 489 584 530 nobilibus
604 490 729 541 captis
753 492 936 541 pedester
955 490 1159 538 exercitus,
1181 491 1291 542 quod
1311 490 1352 529 in
1371 504 1419 530 ea
1438 491 1526 530 loca

192 563 274 594 erat
302 557 510 604 deductuS,
541 563 584 595 ut
613 555 737 596 invito
767 558 947 596 Eumene
976 555 1080 596 elabi
1106 569 1187 595 non
1214 563 1359 607 posset,
1385 568 1525 606 pacem

191 621 244 660 ab
272 634 321 660 eo
349 621 457 673 petit.
530 635 651 672 quam
680 635 772 661 cum
802 621 1062 672 impetrasset,
1090 621 1131 660 in
1161 622 1240 661 fide
1269 635 1350 661 non
1380 621 1525 661 mansit

193 694 232 725 et
261 700 314 734 se,
345 686 462 725 simul
494 700 542 726 ac
571 687 710 738 potuit,
741 688 793 727 ad
822 687 1075 738 Antipatrum
1104 686 1262 738 recepit.
1323 688 1524 727 Eumenes
1544 701 1566 732 4

194 753 400 791 Craterum
426 766 475 792 ex
499 751 584 792 acie
603 752 836 791 semivivum
857 754 1003 791 elatum
1030 765 1204 791 recreare
1227 751 1378 791 studuit
1391 766 1403 801 ς
1431 765 1524 791 cum

134 835 176 858 10
194 817 234 856 id
263 831 345 856 non
374 825 518 868 posset,
544 831 616 869 pro
644 817 817 857 hominis
844 817 1036 869 dignitate
1063 831 1215 869 proque
1243 817 1407 869 pristina
1431 817 1526 857 ami-

191 882 284 921 citia
317 882 508 935 (namque
545 883 614 923 illo
644 896 738 923 usus
772 891 854 923 erat
884 885 1111 923 Alexandro
1143 883 1234 923 vivo
1266 883 1524 936 familiariter)

190 949 325 999 amplo
358 961 522 988 munere
554 948 692 988 extulit
719 962 888 1000 ossaque
917 948 958 987 in
989 948 1270 989 Macedoniarn
1300 948 1411 988 uxori
1439 948 1524 989 eius

190 1025 239 1052 ac
257 1012 389 1052 liberis
408 1013 566 1053 remisit.

247 1080 364 1118 Haec
382 1080 479 1118 dum
498 1081 606 1131 apud
634 1081 943 1132 Hellespontum
967 1087 1167 1132 geruntur,
1188 1079 1396 1120 Perdiccas
1416 1082 1523 1132 apud
1544 1087 1568 1125 5

133 1161 172 1193 15
193 1143 330 1183 Nilum
359 1146 508 1184 flumen
534 1145 764 1185 interficitur
785 1159 810 1185 a
832 1147 1000 1186 Seleuco
1025 1154 1065 1185 et
1084 1146 1293 1197 Antigene,
1315 1159 1524 1197 rerumque

191 1223 348 1250 summa
365 1211 417 1250 ad
438 1210 691 1262 Antipatrum
710 1212 893 1251 defertur.
953 1211 1018 1251 hic
1037 1211 1106 1263 qui
1132 1213 1398 1259 deseruerant,
1420 1224 1522 1251 exer-

190 1275 271 1314 citu
299 1275 526 1327 suffragium
555 1278 704 1317 ferente
732 1276 871 1328 capitis
899 1277 1085 1317 absentes
1113 1278 1363 1324 damnantur,
1392 1276 1432 1316 in
1462 1276 1524 1316 his

191 1342 403 1381 Eumenes.
458 1342 533 1381 hac
553 1341 618 1381 ille
637 1343 839 1394 perculsus
859 1343 975 1394 plaga
993 1356 1075 1382 non
1095 1341 1304 1381 succubuit
1324 1355 1455 1392 neque
1475 1355 1524 1381 eo

190 1405 311 1446 setius
338 1406 488 1446 bellum
515 1406 813 1447 administravit.
873 1409 944 1447 sed
977 1407 1097 1447 exiles
1130 1421 1191 1446 res
1224 1406 1347 1446 animi
1378 1406 1525 1458 magni-

132 1487 173 1509 20
190 1471 381 1520 tudinem,
417 1471 492 1511 etsi
529 1486 611 1512 non
649 1473 891 1525 frangebant,
927 1481 1062 1513 tamen
1100 1472 1344 1512 minuebant.
1416 1473 1523 1512 hunc
1547 1483 1562 1505 2

190 1551 430 1590 persequens
459 1538 698 1590 Antigonus,
726 1552 819 1578 cum
851 1538 963 1578 omni
995 1551 1140 1590 genere
1167 1537 1372 1589 copiarum
1400 1538 1525 1577 abun-

132 1640 134 1642 .
189 1604 310 1652 daret,
347 1617 465 1655 saepe
498 1604 539 1644 in
576 1604 782 1644 itineribus
815 1605 1039 1652 vexabatur,
1074 1617 1205 1655 neque
1243 1616 1434 1654 umquam
1471 1605 1525 1643 ad

191 1682 353 1708 manum
379 1670 570 1710 accedere
597 1669 742 1709 licebat
771 1668 846 1708 nisi
872 1668 918 1708 iis
944 1669 1054 1717 locis,
1075 1668 1221 1720 quibus
1248 1668 1364 1720 pauci
1390 1668 1523 1708 multis

190 1742 353 1785 possent
381 1735 569 1776 resistere.
627 1736 699 1775 sed
725 1742 901 1774 extremo
923 1742 1113 1786 tempore,
1135 1748 1227 1774 cum
1247 1733 1415 1773 consilio
1435 1734 1523 1785 capi
1546 1744 1563 1775 3

131 1815 169 1849 25
191 1813 273 1838 non
292 1808 437 1853 posset,
460 1800 714 1840 multitudine
735 1800 962 1840 circumitus
982 1807 1052 1839 est.
1110 1798 1204 1839 hinc
1231 1806 1364 1839 tamen
1389 1799 1522 1839 multis
1543 1848 1547 1850 μ

189 1864 270 1904 suis
302 1865 456 1904 amissis
482 1866 532 1905 'se
551 1865 750 1917 expedivit
782 1873 822 1905 et
855 1865 895 1904 in
934 1866 1139 1904 castellum
1174 1863 1376 1915 Phrygiae,
1411 1865 1521 1915 quod

190 1931 298 1969 Nora
326 1932 555 1982 appellatur,
578 1931 767 1983 confugit.
826 1930 866 1970 in
893 1944 974 1982 quo
995 1944 1086 1970 cum
1110 1929 1463 1970 circumsederetur
1482 1937 1521 1969 et
1543 1946 1560 1976 4

118 2028 123 2032 ,
189 2003 395 2043 vereretur,
426 2010 477 2036 ne
510 2011 592 2036 uno
625 1998 716 2036 loco
749 2011 914 2037 manens
948 2010 1073 2048 equos
1107 1994 1293 2034 militares
1326 1994 1518 2045 perderet,

189 2061 299 2110 quod
327 2061 498 2112 spatium
528 2076 610 2101 non
639 2070 742 2101 esset
767 2061 952 2113 agitandi,
976 2061 1162 2101 callidum
1188 2059 1260 2099 fuit
1279 2059 1364 2099 eius
1388 2059 1521 2099 inven-

127 2142 171 2174 30
189 2132 288 2174 tum,
317 2139 436 2177 quem
470 2128 522 2166 ad
556 2128 721 2166 modum
756 2135 863 2166 stans
898 2127 1118 2166 iumentum
1154 2124 1378 2165 concalfieri
1417 2138 1520 2164 exer-

188 2190 346 2242 cerique
375 2200 519 2243 posset,
542 2206 623 2243 quo
646 2192 831 2231 libentius
861 2200 899 2231 et
925 2192 1017 2231 cibo
1043 2199 1215 2231 uteretur
1242 2198 1281 2230 et
1300 2204 1324 2229 a
1343 2189 1518 2241 corporis

188 2264 299 2295 motu
333 2270 413 2296 non
447 2265 720 2296 removeretur.
792 2256 1081 2308 substringebat
1115 2264 1233 2307 caput
1272 2257 1355 2295 loro
1388 2254 1515 2304 altius,
1539 2272 1556 2304 5

233 2369 246 2389 1
295 2360 470 2399 reliquerit
509 2359 540 2392 ἦ·
657 2370 677 2400 3
701 2359 854 2391 hostibus
884 2358 980 2390 MRu
1092 2370 1109 2399 7
1135 2358 1232 2399 petiit
1250 2357 1368 2390 Lamb.
1478 2368 1517 2390 12

187 2402 307 2433 sunere
325 2402 398 2433 MR
412 2406 442 2434 et
452 2403 486 2435 A
506 2403 700 2444 (supr-1157.)
882 2413 917 2442 ¹5
942 2402 1115 2441 Ant‘gene
1132 2412 1198 2433 van
1215 2400 1393 2434 Staverm:
1415 2401 1515 2433 Anti-

187 2455 276 2484 gono
293 2445 383 2479 codd.
520 2448 560 2478 16
582 2447 639 2487 qui
655 2457 725 2478 non
743 2447 967 2478 deseruerant
985 2445 1085 2486 Nt'pp.
