1746 2740
146 134 216 172 IX.
238 132 285 171 iii
635 132 890 172 CORNELI
919 131 1159 187 NEPOTIS

187 252 212 290 3
287 244 493 282 Defecerat
521 257 545 283 a
573 256 663 294 rege
689 242 985 294 Tissaphernes,
1019 256 1149 294 neque
1175 242 1216 282 id
1247 249 1327 281 tarn
1359 240 1560 280 Artaxerxi

231 320 350 358 quam
370 307 509 347 ceteris
528 316 610 348 erat
629 315 808 360 apertum
827 323 836 347 t
865 307 999 347 multis
1023 307 1129 347 enim
1157 306 1388 358 magnisque
1413 304 1561 346 meritis

230 374 337 424 apud
369 387 511 425 regem,
545 373 664 412 etiam
697 387 790 412 cum
821 372 862 412 in
893 372 1024 412 officio
1058 386 1139 412 non
1170 360 1355 419 maneret,
1392 371 1558 410 valebat.

231 451 362 489 neque
391 438 432 478 id
461 447 542 479 erat
571 439 806 487 mirandum,
828 438 861 478 si
890 452 971 478 non
1000 438 1114 478 facile
1141 439 1193 477 ad
1222 437 1465 477 credendum
1494 437 1561 476 ad-

231 504 460 553 ducebatur,
488 504 744 544 reminiscens
770 504 854 543 eius
881 518 923 544 se
950 517 1069 555 opera
1092 505 1240 554 Cyrum
1266 504 1423 541 fratrem
1450 515 1562 553 supe·
1580 514 1599 547 5

196 585 210 607 2
231 583 345 608 rasse.
396 569 513 608 huius
531 568 747 608 accusandi
765 568 888 619 gratia
900 570 1045 609 Conon
1057 582 1082 607 a
1098 567 1352 606 Pharnabazo
1365 568 1417 606 ad
1430 580 1560 618 regem

233 634 374 674 missus
403 643 663 686 posteaquam
691 634 813 683 venit,
841 634 1011 685 primum
1042 648 1089 673 ex
1127 647 1236 672 more
1266 634 1471 672 Persarum
1509 632 1558 671 ad

232 699 500 748 chiliarchum,
518 699 587 751 qui
607 701 827 739 secundum
843 700 1007 750 gradum
1024 697 1176 749 imperii
1196 697 1367 745 tenebat,
1382 697 1562 736 Tithrau-

193 778 212 811 3
233 772 319 804 sten
339 764 503 804 accessit
523 779 644 816 seque
664 764 838 804 ostendit
857 778 949 803 curn
970 777 1060 815 rege
1079 762 1252 814 colloqui
1272 764 1382 802 velle.
1441 775 1562 802 nemo

233 829 339 868 enim
367 829 452 869 sine
480 831 558 869 hoc
586 829 815 869 admittitur.
875 829 968 869 huic
995 828 1061 868 ille
1093 830 1242 867 ‘nulla’
1272 827 1398 879 inquit
1429 831 1562 867 ‘mora
1584 840 1621 864 ιο

231 902 301 943 est,
332 896 402 935 sed
431 903 473 934 tu
503 895 687 943 delibera,
719 903 850 934 utrum
879 893 1052 945 colloqui
1083 893 1195 932 malis
1227 907 1279 933 an
1317 907 1386 944 per
1415 892 1561 932 litteras

230 973 345 1011 agere
376 974 477 1012 quae
509 960 668 1012 cogitas.
727 974 889 1000 necesse
921 967 979 999 est
1010 958 1127 1007 enim,
1161 958 1193 998 si
1224 958 1263 997 in
1302 965 1560 1009 conspectum

231 1026 393 1073 veneris,
426 1026 599 1066 venerari
628 1034 667 1066 te
696 1040 827 1077 regem
857 1026 983 1077 (quod
1020 1027 1277 1076 προσκύνησιν
1304 1023 1358 1063 illi
1387 1022 1558 1074 vocant).

232 1093 310 1130 hoc
338 1090 371 1130 si
399 1091 470 1130 tibi
499 1106 614 1143 grave
640 1099 712 1140 est,
739 1105 807 1143 per
831 1105 895 1130 me
926 1090 1050 1130 nihilo
1076 1090 1196 1130 setius
1222 1089 1337 1129 editis
1365 1088 1560 1128 mandatis

192 1169 212 1200 4
232 1155 418 1195 conficies
434 1157 543 1208 quod
558 1157 718 1196 studeS.y
774 1163 857 1195 tum
872 1157 1016 1196 Conon
1039 1159 1048 1176 ‘
1062 1155 1158 1194 mihi
1171 1169 1263 1194 vero
1278 1157 1286 1173 '
1306 1154 1434 1206 inquit
1456 1157 1465 1175 ‘
1478 1167 1558 1193 non
1583 1166 1619 1200 ¹5

231 1228 291 1260 est
326 1234 442 1272 grave
480 1220 658 1272 quemvis
697 1222 889 1260 honorem
927 1221 1072 1260 habere
1110 1220 1200 1271 regi,
1234 1221 1304 1260 sed
1336 1233 1472 1259 vereor
1509 1234 1560 1259 ne

232 1286 377 1326 civitati
409 1300 521 1326 meae
551 1286 599 1325 sit
631 1286 855 1337 opprobrio,
889 1285 932 1334 si,
968 1300 1060 1325 cum
1091 1300 1138 1325 ex
1167 1298 1214 1325 ea
1243 1284 1316 1324 sim
1348 1286 1557 1336 profectus,

232 1366 333 1403 quae
353 1352 491 1392 ceteris
509 1352 692 1403 gentibus
713 1352 903 1404 imperare
923 1352 1131 1400 consuerit,
1153 1351 1283 1403 potius
1304 1352 1557 1391 barbarorum

231 1432 351 1469 quarn
371 1418 474 1457 illius
494 1431 603 1457 more
629 1418 790 1468 fungar.’
846 1417 979 1468 itaque
1005 1430 1106 1468 quae
1127 1416 1219 1455 huic
1239 1416 1396 1456 volebat
1415 1415 1559 1468 scripta

232 1483 402 1523 tradidit.
1579 1499 1619 1521 ω

184 1557 211 1595 4
285 1548 442 1598 Quibus
462 1548 628 1600 cognitis
654 1562 719 1588 rex
740 1556 891 1588 tantum
918 1548 1150 1588 auctoritate
1170 1547 1252 1587 eius
1273 1556 1404 1587 motus
1423 1555 1492 1596 est,
1515 1555 1558 1587 ut

230 1621 269 1652 et
295 1613 601 1665 Tissaphernem
626 1615 780 1653 hostem
808 1613 989 1653 iudicarit
1017 1622 1057 1652 et
1087 1613 1426 1653 Lacedaemonios
1453 1614 1558 1653 bello

230 1679 411 1730 persequi
442 1679 594 1718 iusserit
627 1686 666 1718 et
697 1678 731 1718 ei
763 1678 980 1730 permiserit
1017 1693 1136 1730 quem
1174 1681 1290 1718 vellet
1328 1678 1468 1730 eligere
1504 1679 1557 1718 ad

229 1743 537 1795 dispensandam
563 1743 783 1795 pecuniam.
853 1743 894 1784 id
916 1744 1118 1783 arbitrium
1146 1746 1290 1785 Conon
1316 1743 1471 1795 negavit
1494 1743 1554 1782 sui

228 1823 314 1849 esse
334 1809 497 1858 consilii,
520 1810 589 1849 sed
616 1809 749 1860 ipsius,
772 1809 839 1860 qui
866 1809 1015 1860 optime
1035 1824 1127 1849 suos
1154 1823 1271 1849 nosse
1290 1809 1462 1856 deberet,
1484 1809 1554 1848 sed
1575 1823 1614 1856 25

194 1891 208 1911 2
228 1888 271 1913 se
308 1876 471 1914 suadere
511 1875 765 1914 Pharnabazo
812 1875 853 1914 id
891 1875 1037 1926 negotii
1077 1877 1196 1915 daret.
1274 1875 1366 1914 hinc
1405 1873 1555 1925 magnis

228 1940 456 1979 muneribus
494 1942 664 1979 donatus
701 1942 752 1980 ad
792 1954 898 1980 mare
936 1949 994 1980 est
1034 1941 1188 1990 missus,
1227 1947 1269 1980 ut
1316 1939 1468 1991 Cypriis
1515 1946 1554 1978 et

229 2004 494 2044 Phoenicibus
523 2004 740 2056 ceterisque
772 2005 975 2044 maritimis
1009 2005 1231 2045 civitatibus
1269 2004 1378 2044 navis
1416 2006 1552 2055 longas

228 2068 435 2120 imperaret
450 2071 706 2121 classemque,
724 2084 803 2121 qua
815 2070 991 2121 proxima
1002 2078 1150 2110 aestate
1166 2083 1272 2109 mare
1287 2068 1384 2108 tueri
1405 2075 1548 2120 posset,

228 2142 481 2186 compararet,
504 2136 599 2175 dato
621 2135 800 2175 adiutore
835 2135 1101 2184 Pharnabazo,
1125 2134 1226 2174 sicut
1253 2133 1337 2185 ipse
1362 2134 1546 2173 voluerat.
1570 2145 1611 2177 30

271 2252 290 2280 4
316 2241 349 2272 id
365 2245 438 2272 erat
455 2241 526 2272 mir.
544 2239 635 2273 leid.
651 2240 700 2272 P:
725 2239 957 2272 admirandum
975 2238 1034 2270 M:
1061 2239 1092 2270 id
1109 2239 1181 2270 mir.
1199 2238 1262 2270 rell.
1374 2236 1554 2269 induceba-

229 2288 282 2315 tur
298 2285 394 2315 MRu
483 2295 516 2325 9,
533 2294 572 2316 ιο
595 2295 695 2316 nemo
711 2308 719 2316 .
738 2308 747 2317 .
768 2308 775 2316 .
794 2284 981 2315 admittitur
990 2287 1066 2324 post
1082 2286 1203 2314 uocant
1214 2281 1310 2322 ponit
1333 2280 1427 2312 Cobet
1515 2290 1554 2320 13

227 2328 318 2367 quod
334 2351 342 2359 .
362 2351 369 2359 .
391 2353 398 2359 .
418 2332 541 2359 uocant
555 2328 667 2360 seclus.
694 2327 836 2368 Wiilfflin
956 2336 996 2366 ¹9
1018 2326 1095 2357 huic
1111 2335 1199 2366 quae
1214 2323 1302 2356 Leid.
1323 2324 1356 2356 ii.
1374 2327 1404 2355 et
1422 2322 1512 2356 Voss.
1529 2324 1550 2355 i.

229 2381 269 2411 27
295 2372 407 2412 cypris
424 2371 514 2403 Dan.
534 2371 605 2402 ΑΡ
731 2380 776 2411 30
798 2380 993 2412 comparare
1007 2368 1099 2401 Dan.
1115 2368 1187 2400 ΑΡ
