1746 2740
162 123 219 163 11.
241 123 290 161 vi
643 123 900 165 CORNELI
929 125 1169 165 NEPOTIS

245 242 458 286 postquam
486 243 620 275 autem
648 235 858 275 audierunt
886 249 1019 275 muros
1043 235 1192 284 instrui,
1218 238 1367 288 legatos
1391 238 1572 278 Athenas

245 299 446 349 miserunt,
469 300 537 352 qui
563 300 605 340 id
631 301 714 340 fieri
740 309 925 340 vetarent.
985 300 1046 340 his
1071 301 1343 352 praesentibus
1370 302 1572 342 desierunt

207 383 225 415 5
245 379 292 405 ac
320 380 362 405 se
391 367 441 405 de
471 380 517 406 ea
545 381 586 406 re
619 369 767 418 legatos
800 368 852 406 ad
886 381 954 406 eos
988 366 1174 406 missuros
1207 367 1400 407 dixerunt.
1467 368 1571 407 hanc

244 431 480 482 legationem
510 431 682 483 suscepit
705 431 993 471 Themistocles
1019 439 1058 471 et
1086 434 1192 471 solus
1221 432 1349 484 primo
1373 434 1571 484 profectus

244 503 326 538 estc:
360 496 499 548 reliqui
525 497 641 548 legati
666 505 709 536 ut
736 505 820 536 tum
847 497 1006 545 exirent,
1036 511 1126 536 curn
1154 497 1246 537 satis
1274 497 1442 537 altitudo
1470 497 1570 537 muri
1589 510 1608 543 5

218 603 220 606 ,
244 568 439 600 exstructa
464 561 670 610 videretur,
699 562 922 613 praecepit:
956 561 1113 601 interim
1142 576 1297 611 omnes,
1324 562 1424 602 servi
1451 570 1570 613 atque

243 625 366 675 liberi,
398 639 497 677 opus
527 628 700 666 facerent
728 640 859 678 neque
886 626 956 665 ulli
988 628 1079 666 loco
1107 635 1324 678 parcerent,
1352 626 1433 666 sive
1462 640 1572 666 sacer

243 689 324 730 sive
344 691 515 742 privatus
535 699 638 731 esset
664 691 746 731 sive
764 691 958 743 publicus,
980 699 1019 731 et
1042 691 1230 742 undique,
1252 693 1361 742 quod
1380 691 1570 731 idoneum

243 757 294 795 ad
320 756 582 797 muniendum
609 765 803 808 putarent,
832 764 1100 808 congererent.
1159 771 1240 807 quo
1266 758 1413 795 factum
1439 764 1499 796 est
1527 764 1569 795 ut

243 821 548 861 Atheniensium
568 822 668 861 muri
689 837 735 861 ex
755 822 907 861 sacellis
926 821 1194 872 sepulcrisque
1213 829 1447 860 constarent.
1591 832 1630 854 ¹0

200 889 224 930 7
296 886 585 926 Themistocles
613 895 757 934 autem,
790 894 833 925 ut
862 888 1206 926 Lacedaemonem
1234 886 1352 935 venit,
1381 886 1490 926 adire
1517 887 1568 926 ad

243 952 488 1003 magistratus
522 952 648 992 noluit
683 960 721 992 et
758 952 870 991 dedit
906 965 1078 1003 operam,
1114 959 1158 991 ut
1190 965 1310 1002 quam
1342 950 1569 1002 longissime

243 1025 398 1069 tempus
422 1020 593 1066 duceret,
617 1032 775 1057 causam
804 1017 1057 1068 interponens
1081 1030 1123 1056 se
1143 1018 1312 1067 collegas
1331 1024 1566 1067 exspectare.

207 1101 222 1122 2
243 1096 334 1121 cum
374 1083 681 1122 Lacedaemonii
719 1089 974 1133 quererentur
1011 1095 1111 1132 opus
1152 1081 1291 1120 nihilo-
1318 1081 1448 1120 minus
1486 1080 1568 1120 fieri

242 1161 414 1198 eumque
443 1147 483 1186 in
513 1162 559 1187 ea
587 1162 628 1187 re
657 1147 791 1186 conari
820 1149 962 1196 fallere,
989 1146 1144 1186 interim
1171 1145 1310 1197 reliqui
1336 1145 1450 1197 legati
1478 1153 1569 1185 sunt
1589 1154 1628 1187 ι5

242 1212 455 1252 consecuti.
513 1227 537 1252 a
565 1213 709 1264 quibus
738 1226 830 1251 cum
858 1212 1032 1252 audisset
1058 1225 1140 1250 non
1170 1213 1336 1250 multum
1366 1224 1569 1262 superesse

241 1277 482 1326 munitionis,
512 1279 564 1317 ad
599 1279 769 1334 ephoros
800 1276 1206 1316 Lacedaemoniorum
1239 1275 1414 1324 accessit,
1446 1289 1568 1327 penes

240 1356 340 1392 quos
374 1356 574 1381 summum
604 1349 685 1381 erat
718 1341 938 1392 imperium,
969 1349 1087 1391 atque
1119 1342 1226 1392 apud
1260 1354 1328 1380 eos
1361 1340 1566 1380 contendit

240 1408 335 1446 falsa
363 1407 409 1445 iis
439 1421 523 1446 esse
552 1408 706 1446 delata:
744 1420 864 1457 quare
889 1419 1061 1457 aequum
1088 1419 1173 1445 esse
1199 1405 1286 1444 illos
1306 1391 1411 1444 ⁰viros
1437 1405 1565 1444 bonos

236 1472 472 1523 nobilesque
492 1472 646 1530 mittere
667 1472 811 1523 quibus
831 1473 929 1511 fides
956 1472 1175 1518 haberetur,
1198 1470 1265 1522 qui
1291 1484 1373 1509 rem
1394 1472 1566 1521 explora·
1586 1481 1626 1503 ²0

203 1545 348 1587 grent:
387 1537 535 1577 interea
564 1552 605 1577 se
635 1537 817 1578 obsidem
846 1537 1067 1576 retinerent.
1137 1544 1269 1587 gestus
1303 1543 1362 1575 est
1395 1535 1431 1575 ei
1466 1549 1562 1584 mos,

239 1610 396 1653 tresque
422 1602 538 1653 legati
558 1601 682 1641 functi
702 1602 866 1641 summis
893 1601 1109 1641 honoribus
1129 1602 1306 1640 Athenas
1333 1600 1441 1639 missi
1461 1609 1561 1640 sunt.

239 1682 330 1707 cum
359 1667 419 1706 his
448 1669 617 1718 collegas
647 1681 739 1706 suos
764 1666 1053 1706 Themistocles
1079 1666 1190 1705 iussit
1216 1665 1410 1717 proficisci
1438 1665 1564 1716 iisque

238 1732 439 1784 praedixit,
462 1740 504 1771 ut
525 1747 574 1772 ne
595 1732 701 1783 prius
726 1731 1133 1771 Lacedaemoniorum
1153 1732 1301 1781 legatos
1321 1729 1563 1769 dimitterent

201 1811 221 1842 4
239 1811 357 1847 quam
388 1797 470 1848 ipse
499 1805 601 1836 esset
631 1796 825 1836 remissus.
885 1797 958 1835 hos
987 1804 1197 1847 postquam
1227 1797 1405 1834 Athenas
1433 1809 1564 1846 perve-
1584 1811 1621 1842 ²5

239 1861 342 1901 nisse
369 1870 473 1900 ratus
500 1869 571 1910 est,
597 1863 649 1900 ad
674 1861 942 1912 magistratum
970 1868 1231 1910 senatumque
1258 1860 1562 1899 Lacedaemoni-

238 1941 349 1966 orum
371 1927 467 1966 adiit
487 1935 525 1965 et
545 1927 651 1977 apud
672 1940 740 1965 eos
764 1925 960 1964 liberrime
981 1926 1177 1975 professus
1198 1932 1279 1964 est:
1310 1924 1563 1979 Atheniensis

236 2006 310 2030 suo
339 1991 514 2039 consilio,
546 1992 654 2041 quod
684 1989 886 2029 communi
915 1989 997 2028 iure
1025 1989 1200 2040 gentium
1230 1990 1356 2028 facere
1389 1997 1559 2039 possent,

237 2057 334 2096 deos
363 2055 542 2107 publicos
572 2068 742 2105 suosque
771 2054 916 2105 patrios
944 2068 990 2093 ac
1019 2061 1191 2105 penates,
1224 2067 1303 2104 quo
1332 2052 1482 2091 facilius
1509 2054 1561 2092 ab

238 2122 350 2160 hoste
377 2128 538 2172 possent
564 2121 788 2167 defendere,
811 2119 931 2158 muris
958 2118 1149 2170 saepsisse
1173 2132 1302 2168 neque
1323 2117 1363 2155 in
1383 2131 1431 2156 eo
1451 2119 1559 2168 quod
1579 2134 1622 2166 30

200 2200 217 2230 5
238 2185 374 2225 inutile
398 2194 499 2225 esset
521 2185 708 2225 Graeciae
734 2184 883 2230 fecisse.
942 2198 1034 2223 nam
1058 2183 1213 2223 illorum
1239 2183 1377 2221 urbem
1404 2190 1447 2221 ut
1475 2196 1560 2233 pro-

284 2300 296 2320 ῐ
322 2290 403 2321 strui
427 2288 548 2321 Lamb.
638 2299 669 2330 5,
683 2290 704 2320 6
726 2290 781 2320 alt.
799 2290 925 2320 tuendo
943 2288 1027 2319 muri
1052 2287 1214 2319 exstructi
1239 2287 1438 2317 uiderentur
1460 2285 1560 2316 Heer-

237 2344 349 2374 wagen
440 2343 470 2372 7,
482 2335 502 2363 8
526 2344 551 2365 S.
571 2343 668 2364 sacer
684 2334 756 2364 siue
773 2333 968 2372 prophanus
984 2342 1011 2363 s.
1031 2331 1118 2371 priu.
1134 2331 1175 2361 M
1187 2330 1259 2361 dett.
1349 2330 1370 2360 8
1386 2334 1476 2360 esset
1491 2340 1557 2360 om.

239 2376 301 2417 Gis.
311 2377 356 2417 (ἓ)
373 2375 415 2406 Μ
561 2387 604 2407 20
627 2376 844 2407 adhiberetur
867 2376 897 2407 ς·
1050 2376 1093 2405 26
1115 2374 1331 2414 magistratus
1361 2372 1562 2414 Oudendorp

237 2430 280 2461 29
302 2421 449 2460 deosque
466 2421 496 2452 ς’
627 2430 670 2459 30
693 2419 727 2450 in
744 2419 802 2462 eo]
827 2429 892 2450 om.
910 2419 943 2449 in
959 2418 989 2450 ς

1739 350 1745 371 -.,
1741 318 1744 324 .
1736 288 1743 312 <z-
1730 154 1743 272 rm‘
1725 0 1746 153 *fflss'
1714 0 1717 3 A
