1746 2740
138 138 250 178 XVI.
271 149 304 176 v
628 139 894 193 CORNELI
912 139 952 179 N
955 139 1152 180 EPOTIS

222 256 458 302 potestatem
478 251 762 291 Thebanorum
782 249 944 303 cuperet
969 251 1143 303 redigere
1167 252 1452 305 legationisque
1471 253 1554 293 iure

223 314 316 354 satis
328 322 477 354 tectum
492 329 535 355 se
546 315 810 366 arbitraretur,
822 317 932 368 quod
946 318 1054 368 apud
1069 330 1208 357 omnes
1219 325 1357 369 gentes
1372 325 1554 357 sanctum

222 392 308 419 esse
337 388 577 430 consuesset,
607 395 632 420 a
659 389 826 433 tyranno
854 383 1080 423 Alexandro
1109 384 1286 423 Pheraeo
1311 383 1429 423 simul
1461 396 1554 423 curn

186 462 202 484 2
223 445 397 485 Ismenia
416 447 726 497 comprehensus
752 447 793 486 in
816 447 945 487 vincla
967 448 1170 488 coniectus
1199 457 1268 489 est.
1326 450 1433 489 hunc
1453 450 1556 500 Epa-

222 509 434 550 minondas
453 511 707 562 recuperavit,
731 512 838 552 bello
863 525 1104 563 persequens
1123 514 1404 553 Alexandrum.
1462 521 1553 565 post

222 575 263 615 id
295 577 444 615 factum
474 588 694 627 numquam
722 576 858 616 animo
886 577 1031 628 placari
1060 577 1188 628 potuit
1216 577 1257 616 in
1285 591 1389 626 eum,
1419 591 1443 617 a
1471 590 1552 629 quo

221 648 303 681 erat
322 641 499 680 violatus.
549 641 683 693 itaque
698 642 889 694 persuasit
904 642 1109 681 Thebanis
1124 650 1167 682 ut
1187 642 1366 682 subsidio
1385 642 1552 681 Thessa-

184 722 203 754 3
221 706 296 746 liae
308 706 648 758 proficiscerentur
662 714 929 758 tyrannosque
944 706 1029 746 eius
1044 708 1295 758 expellerent.
1325 706 1438 746 cuius
1457 705 1552 746 belli

221 785 313 811 cum
333 771 370 811 ei
385 785 541 811 summa
555 780 658 812 esset
673 774 766 812 data
781 786 909 824 eoque
922 786 1013 812 cum
1029 772 1200 812 exercitu
1219 774 1420 824 profectus
1435 780 1549 821 esset,

182 855 202 885 4
221 850 303 876 non
315 836 520 886 dubitavit,
543 837 720 877 simulac
735 838 940 889 conspexit
959 839 1129 887 hostem,
1142 837 1363 889 confligere.
1409 837 1449 876 in
1469 851 1551 888 quo

220 902 370 953 proelio
389 903 661 942 Alexandrum
681 911 724 942 ut
750 903 1037 951 animadvertit,
1060 903 1246 942 incensus
1265 902 1321 942 ira
1340 916 1488 953 equum
1508 901 1549 941 in

221 981 312 1007 eum
342 967 553 1008 concitavit
581 970 799 1019 proculque
819 968 1016 1019 digressus
1035 982 1059 1007 a
1078 968 1158 1007 suis
1179 967 1362 1007 coniectu
1381 968 1550 1006 telorum

221 1034 427 1073 confossus
458 1033 643 1072 concidit.
702 1041 822 1084 atque
859 1034 936 1072 hoc
973 1034 1150 1072 secunda
1184 1031 1347 1071 victoria
1382 1031 1550 1070 accidit:

183 1114 201 1146 5
222 1111 313 1136 nam
344 1097 422 1137 iam
457 1097 668 1137 inclinatae
701 1105 811 1137 erant
842 1105 1096 1149 tyrannorum
1127 1096 1276 1148 copiae.
1334 1110 1415 1148 quo
1445 1097 1551 1135 facto

220 1176 359 1203 omnes
390 1163 618 1203 Thessaliae
646 1162 822 1203 civitates
851 1163 1099 1203 interfectum
1132 1162 1364 1213 Pelopidam
1393 1161 1549 1201 coronis

219 1227 346 1267 aureis
366 1235 406 1267 et
425 1227 563 1267 statuis
582 1228 717 1268 aeneis
737 1228 962 1279 liberosque
975 1227 1059 1267 eius
1080 1229 1206 1267 multo
1224 1241 1318 1279 agro
1338 1228 1546 1266 donarunt.

184 1369 201 1396 1
274 1356 509 1394 AGES11.Avs
548 1355 889 1395 Lacedaemonius
927 1369 1016 1394 cum
1056 1368 1080 1394 a
1117 1354 1255 1394 ceteris
1293 1353 1548 1405 scriptoribus

220 1427 303 1458 tum
335 1419 476 1459 eximie
506 1433 529 1458 a
559 1421 829 1471 Xenophont‘e
861 1419 1062 1459 Socratico
1093 1420 1339 1458 collaudatus
1369 1426 1451 1458 est:
1498 1432 1548 1457 eo

184 1502 199 1523 2
219 1483 326 1523 enim
355 1497 449 1523 usus
478 1491 537 1524 est
565 1483 874 1524 familiarissime.
932 1483 997 1523 hic
1026 1483 1196 1535 primum
1226 1485 1277 1523 de
1306 1496 1427 1535 regno
1455 1496 1546 1522 cum

221 1548 476 1600 Leotychide,
509 1548 634 1588 fratris
665 1548 758 1598 filio,
791 1548 929 1588 habuit
968 1548 1276 1588 contentionem.
1340 1561 1428 1587 mos
1465 1555 1547 1587 erat

219 1613 326 1653 enim
345 1628 370 1653 a
389 1613 603 1653 maioribus
623 1613 951 1653 Lacedaemoniis
971 1613 1147 1661 traditus,
1169 1620 1212 1652 ut
1235 1614 1337 1652 duos
1357 1613 1549 1653 haberent

219 1693 374 1731 semper
411 1693 531 1731 reges,
572 1679 734 1719 nomine
772 1679 894 1731 magis
933 1693 1052 1731 quam
1090 1678 1267 1730 imperio,
1307 1693 1354 1718 ex
1392 1679 1548 1718 duabus

219 1744 375 1784 familiis
408 1744 536 1784 Procli
566 1752 605 1784 et
640 1744 924 1795 Eurysthenis,·
943 1744 1010 1795 qui
1041 1744 1239 1795 principes
1277 1757 1324 1783 ex
1361 1743 1547 1795 progenie

183 1822 200 1852 3
221 1809 406 1849 Herculis
426 1811 588 1860 Spartae
607 1823 716 1861 reges
735 1811 902 1849 fuerunt.
962 1811 1103 1849 horum
1124 1824 1171 1848 ex
1189 1811 1309 1849 altera
1329 1808 1369 1848 in
1388 1808 1546 1848 alterius

219 1874 388 1914 familiae
408 1876 540 1913 locum
561 1875 643 1914 fieri
663 1889 743 1914 non
765 1875 931 1915 licebat:
961 1875 1014 1914 ita
1033 1882 1198 1925 utraque
1218 1887 1333 1913 suum
1353 1873 1546 1913 retinebat

219 1939 409 1978 ordinem.
467 1939 638 1990 primum
659 1941 756 1980 ratio
777 1941 1006 1987 habebatur,
1029 1940 1096 1991 qui
1117 1939 1309 1979 maximus
1329 1946 1423 1978 natu
1443 1947 1546 1979 esset

219 2017 265 2042 ex
285 2003 416 2043 liberis
436 2004 531 2053 eius,
553 2005 621 2056 qui
641 2019 807 2057 regnans
827 2005 1060 2045 decessisset
1077 2020 1087 2053 ;
1115 2004 1176 2044 sin
1196 2004 1227 2043 is
1240 2004 1388 2043 virilem
1409 2017 1545 2043 sexum

219 2083 298 2108 non
320 2069 551 2120 reliquisset,
574 2078 658 2109 tum
679 2070 934 2122 deligebatur,
957 2070 1023 2121 qui
1044 2070 1243 2122 proximus
1263 2077 1365 2108 esset
1390 2069 1545 2120 propin-

179 2149 197 2179 4
218 2133 377 2184 quitate.
455 2143 632 2174 mortuus
670 2143 751 2174 erat
782 2134 877 2186 Agis
915 2149 991 2182 rex,
1027 2136 1142 2173 frater
1178 2133 1372 2185 Agesilai:
1420 2133 1543 2172 filium

218 2197 424 2248 reliquerat
456 2199 751 2249 Leotychidem.
821 2212 939 2249 quem
974 2198 1038 2238 ille
1076 2206 1211 2237 natum
1250 2211 1330 2236 non
1368 2205 1539 2248 agnorat‚

218 2264 390 2302 eundem
421 2263 592 2303 moriens
621 2277 736 2302 suum
766 2277 851 2302 esse
880 2263 1038 2303 dixerat.
1098 2263 1129 2301 is
1158 2264 1209 2302 de
1247 2263 1398 2301 honore
1435 2262 1542 2313 regni

261 2368 283 2397 6
306 2367 334 2398 is
359 2368 471 2398 animo
496 2367 602 2398 BMR
752 2377 794 2398 20
817 2370 890 2398 erat
911 2366 1013 2398 Fleck.
1034 2377 1042 2398 :
1080 2370 1132 2398 est
1156 2365 1245 2398 codd.
1389 2376 1432 2406 23
1457 2365 1542 2406 Ery-

219 2410 350 2442 sthenis
366 2410 455 2443 codd.
589 2420 629 2449 25
655 2415 796 2450 uterque
813 2410 843 2442 ς’
1148 2419 1153 2423 “

1571 525 1590 558 5

1571 855 1612 878 ΙΟ

1571 1179 1608 1211 ¹5

1567 1561 1607 1585 20

1563 2211 1603 2242 30
