1746 2740
0 1086 2 1095 ἡ
0 1016 7 1028 v
0 957 5 986 --
0 603 10 943 νυ---μ--ῳ--ι-π---ιν»ινκ-ηιια-Ἴ
0 481 9 596 -τ-ν-
7 465 9 467 .

643 99 648 103 ’
703 131 1058 170 FRAGMENTA

208 241 276 280 ubi
292 249 446 281 mortua
460 255 537 290 ero,
554 241 778 293 parentabis
799 241 895 280 mihi
912 249 951 280 et
971 241 1175 281 invocabis
1191 243 1311 281 deum
1326 248 1541 293 parentem.

209 306 248 345 in
270 321 318 346 eo
340 315 516 358 tempore
543 320 623 346 non
649 307 772 358 pudet
802 315 840 346 te
869 321 1005 346 eorum
1036 308 1155 346 deum
1187 321 1322 358 preces
1348 314 1542 358 expetere,

209 385 310 423 quos
326 372 434 412 vivos
449 379 569 423 atque
590 379 816 424 praesentes
837 371 994 412 relictos
1006 380 1126 423 atque
1139 374 1316 412 desertos
1330 371 1544 412 habueris?

210 451 259 476 ne
298 437 362 477 ille
401 437 482 477 sirit
515 437 664 488 Iupiter
702 445 740 477 te
789 451 836 477 ea
873 451 1130 489 perseverare,
1171 451 1245 477 nec
1283 436 1353 476 tibi
1393 444 1542 476 tantam

173 518 191 551 5
209 501 453 541 dementiam
475 502 608 542 venire
630 501 670 540 in
690 501 903 541 animum?
932 510 972 541 et
1002 501 1033 541 si
1063 516 1300 554 perseveras,
1331 515 1468 541 vereor
1495 516 1544 541 ne

210 567 249 605 in
270 581 431 607 omnem
459 567 579 606 vitam
612 575 764 606 tantum
795 567 939 607 laboris
969 569 1086 619 culpa
1114 575 1181 607 tua
1210 567 1384 619 recipias,
1417 567 1473 606 uti
1503 567 1542 606 in

209 633 319 671 nullo
340 640 517 684 tempore
538 640 620 672 tute
642 632 711 671 tibi
732 634 887 684 placere
907 632 1044 684 possis.

265 714 298 750 3.
331 699 539 739 Cornelius
561 701 698 750 Nepos
718 699 757 738 in
779 699 879 739 libro
899 701 950 739 de
970 699 1166 739 historicis
1188 698 1339 738 Latinis
1359 700 1410 738 de
1426 700 1543 739 laude

210 765 424 805 Ciceronis.
485 767 578 804 Non
592 764 769 816 ignorare
790 766 912 805 debes
933 779 1056 804 unum
1078 767 1155 805 hoc
1174 779 1304 816 genus*
1314 764 1541 804 Latinarum

154 850 191 871 ιο
209 830 421 870 litterarum
442 831 575 870 adhuc
605 845 685 870 non
717 832 839 870 modo
868 845 948 870 non
979 832 1218 882 respondere
1249 830 1448 878 Graeciae,
1471 832 1543 871 sed

209 895 374 935 omnino
408 897 506 935 rude
536 903 656 947 atquc
687 896 917 936 inchoatum
954 904 1079 936 morte
1114 895 1319 936 Ciceronis
1349 896 1539 936 relictum.

209 960 273 1000 ille
293 961 398 1000 enirn
421 961 493 1001 fuit
514 976 627 1009 unus,
649 962 717 1013 qui
747 962 918 1013 potuerit
938 969 977 1001 et
997 962 1114 1001 etiam
1136 961 1318 1001 debuerit
1339 961 1542 1001 historiam

209 1026 328 1077 digna
348 1041 445 1066 voce
465 1027 730 1078 pronuntiare,
753 1027 901 1079 quippe
933 1027 1000 1078 qui
1030 1027 1240 1066 oratoriam
1271 1027 1540 1078 eloquentiam

210 1094 347 1132 rudem
386 1106 410 1131 a
449 1092 662 1132 maioribus
700 1101 903 1144 acceptam
944 1092 1205 1144 perpoliverit,
1245 1092 1539 1144 philosophiam

150 1174 189 1206 ¹5
209 1166 301 1198 ante
321 1172 412 1198 eum
432 1158 675 1210 incomptam
698 1158 879 1198 Latinam
900 1172 971 1198 sua
991 1158 1244 1198 conformarit
1265 1158 1452 1198 oratione.
1496 1173 1542 1198 ex

209 1238 290 1275 quo
310 1223 462 1272 dubito,
485 1223 642 1263 interitu
663 1223 746 1264 eius
767 1231 898 1264 utrum
920 1238 980 1264 res
1000 1223 1159 1276 publica
1178 1238 1229 1263 an
1243 1223 1404 1263 historia
1418 1223 1542 1276 magis

208 1291 350 1329 doleat.

262 1369 299 1405 4.
331 1356 457 1395 Idem.
518 1356 714 1407 Locuples
739 1370 787 1395 ac
810 1355 944 1403 divina
973 1363 1122 1404 natura,
1154 1369 1235 1407 quo
1265 1355 1454 1395 maiorem
1480 1354 1539 1395 sui

208 1428 358 1474 pareret
377 1420 679 1461 admirationem
700 1420 1058 1472 ponderatioraque
1084 1435 1156 1461 sua
1181 1429 1313 1461 essent
1332 1421 1539 1470 beneficia,

150 1501 190 1524 20
208 1500 338 1537 neque
371 1486 438 1526 uni
470 1486 605 1526 omnia
637 1487 731 1526 dare
762 1500 836 1526 nec
869 1500 1000 1526 rursus
1038 1486 1223 1539 cuiquam
1254 1486 1389 1526 omnia
1417 1486 1541 1526 voluit

207 1565 359 1603 negare.

264 1629 297 1668 5.
331 1619 468 1669 Nepos
489 1617 697 1658 Cornelius
717 1619 768 1657 ad
789 1648 797 1656 .
821 1648 828 1655 .
853 1649 861 1656 .
884 1616 1119 1658 Ciceronem
1142 1617 1195 1657 ita
1215 1617 1360 1658 scribit.

261 1684 435 1722 Tantum
456 1683 569 1722 abest
589 1690 631 1722 ut
659 1696 733 1734 ego
762 1682 986 1734 magistram
1016 1697 1102 1723 esse
1131 1691 1266 1734 putem
1294 1683 1396 1723 vitae
1416 1682 1541 1735 philo-

208 1747 388 1799 sophiam
410 1748 629 1798 beataeque
658 1746 761 1786 vitae
790 1746 1072 1798 perfectricem,
1103 1755 1147 1787 ut
1175 1747 1293 1787 nullis
1323 1747 1445 1799 magis
1466 1747 1542 1787 exi-

151 1825 189 1858 25
208 1812 363 1853 stimem
386 1826 486 1864 opus
507 1826 592 1852 esse
623 1812 828 1864 magistros
858 1812 1015 1852 vivendi
1037 1827 1156 1865 quam
1178 1813 1387 1865 plerisque,
1411 1813 1478 1865 qui
1500 1813 1540 1852 in

208 1892 255 1916 ca
297 1877 537 1928 disputanda
578 1885 791 1917 versantur.
865 1877 982 1917 video
1020 1877 1124 1916 enim
1165 1892 1349 1930 magnam
1388 1886 1539 1929 partem

208 1956 355 1990 eorum,
378 1941 445 1993 qui
466 1941 506 1981 in
533 1943 669 1981 schola
697 1943 748 1981 de
776 1943 928 1993 pudore
958 1949 996 1982 et
1025 1942 1271 1982 continentia
1296 1943 1540 1995 praecipiant

207 2006 462 2057 argutissime,
504 2007 667 2046 cosdem
706 2005 747 2045 in
787 2006 966 2046 omnium
1006 2007 1217 2047 libidinum
1256 2007 1540 2060 cupiditatibus

209 2071 349 2111 vivere.

254 2186 282 2215 7,
301 2176 322 2207 8
346 2176 378 2207 in
401 2174 510 2217 nullo]
536 2175 568 2207 in
594 2174 663 2207 incl.
686 2174 795 2206 Halm
937 2175 1035 2225 Frfig.
1055 2186 1076 2216 3
1099 2186 1138 2207 cx
1160 2175 1260 2207 codice
1282 2175 1540 2219 Philippicarum

211 2219 369 2251 Ciceronis
386 2219 634 2260 Guelferbytano
651 2218 735 2250 Gud.
760 2219 833 2259 278,
847 2229 926 2251 saec.
941 2220 1000 2250 xiii
1138 2229 1176 2259 15
1201 2220 1407 2252 confirmarit
1418 2220 1542 2252 Lr'ebcr-

208 2262 299 2294 kaim
313 2274 320 2294 :
337 2263 550 2295 confirmauit
566 2262 634 2295 cod.
751 2261 849 2303 Frag.
868 2271 888 2302 5
905 2273 943 2294 cx
961 2262 1129 2294 Lactanlii
1140 2263 1285 2296 Institut.
1303 2263 1352 2295 iii.
1366 2271 1414 2304 15.
1438 2272 1477 2296 10
