1746 2740
154 88 312 126 XVIII.
334 87 381 125 iii
446 133 454 139 .
643 87 898 128 CORNELI
926 87 1167 127 NEPOTIS

239 201 291 239 ad
312 199 543 240 Perdiccam
562 198 879 252 opprimendum.
938 213 1059 251 quem
1077 198 1151 240 etsi
1177 199 1377 239 infirmum
1396 198 1568 249 videbat,

241 265 351 316 quod
371 278 473 305 unus
492 265 680 305 omnibus
699 264 877 305 resistere
894 265 1119 316 cogebatur,
1142 272 1275 304 tamen
1294 264 1467 305 amicum
1486 278 1570 304 non

204 347 219 368 2
241 330 414 370 deseruit
433 343 564 381 neque
583 330 719 370 salutis
737 344 858 381 quam
877 329 971 370 fidei
990 329 1063 370 fuit
1082 329 1273 381 cupidior.
1331 330 1571 381 praefecerat

241 396 349 434 hunc
378 395 588 435 Perdiccas
613 394 651 434 ei
678 394 778 446 parti
797 394 927 444 Asiae,
949 409 1053 446 quae
1076 394 1177 434 inter
1195 396 1372 434 Taurum
1392 402 1571 434 montem

241 459 343 499 iacet
387 467 507 511 atque
555 461 875 512 Hellespontum,
919 467 958 500 et
1004 460 1115 500 illum
1161 473 1287 499 unum
1333 467 1571 511 opposuerat
1589 472 1608 506 5

243 524 460 575 Europaeis
475 524 705 565 adversariis
718 540 730 574 ς
755 525 839 576 ipse
854 527 1080 577 Aegyptum
1096 533 1369 577 oppugnatum
1383 526 1571 564 adversus

202 605 221 636 3
243 591 515 629 Ptolemaeum
535 598 616 630 erat
635 592 845 642 profectus.
906 593 1107 630 Eumenes
1132 603 1225 630 cum
1250 603 1380 642 neque
1409 603 1571 641 magnas

242 655 376 706 copias
402 668 532 706 neque
561 656 692 694 firmas
722 656 897 703 haberet,
918 656 1029 706 quod
1052 662 1092 694 et
1122 654 1396 694 inexercitatae
1422 662 1462 694 et
1489 667 1571 694 non

244 721 368 759 multo
400 727 492 759 ante
523 727 635 760 erant
664 728 901 768 contractae,
934 721 1148 759 adventare
1178 727 1311 759 autem
1348 719 1573 759 dicerentur

245 786 634 836 Hellespontumque
646 785 829 825 transisse
843 784 1049 837 Antipater
1063 792 1102 824 et
1118 785 1300 825 Crateros
1316 797 1460 836 magno
1479 797 1571 824 cum
1594 797 1635 823 ιο
1697 832 1700 834 v

243 849 415 889 exercitu
436 851 719 899 Macedonum,
741 850 811 889 viri
830 864 922 889 cum
948 849 1122 889 claritate
1149 857 1233 889 tum
1253 863 1327 889 usu
1347 849 1441 889 belli
1465 862 1572 901 prae-

203 927 223 960 4
243 922 392 954 stantes
421 913 686 967 (Macedones
714 929 807 955 vero
836 915 979 955 milites
1007 929 1054 955 ea
1087 922 1171 954 tum
1206 923 1320 954 erunt
1350 916 1466 963 fama,
1494 928 1574 966 qua

244 992 351 1018 nunc
366 979 538 1019 Romani
553 981 729 1019 feruntur
744 995 751 1019 :
780 979 927 1020 etenim
942 993 1098 1031 semper
1112 979 1237 1019 habiti
1253 987 1345 1018 sunt
1359 979 1571 1027 fortissimi,

245 1043 314 1096 qui
337 1058 533 1084 summam
557 1044 709 1096 imperii
729 1045 994 1097 potirentur):
1028 1047 1228 1084 Eumenes
1255 1044 1518 1095 intellegebat,
1541 1043 1573 1083 si

245 1109 384 1161 copiae
422 1123 516 1150 suae
553 1118 800 1162 cognossent,
840 1112 1028 1151 adversus
1065 1124 1166 1162 quos
1204 1111 1452 1157 ducerentur,
1492 1123 1574 1149 non
1595 1123 1634 1156 ¹5

205 1189 223 1222 5
247 1176 369 1214 modo
388 1189 469 1214 non
490 1175 620 1224 ituras,
642 1178 713 1216 sed
737 1176 852 1216 simul
878 1190 970 1216 cum
990 1176 1131 1216 nuntio
1155 1176 1383 1226 dilapsuras.
1442 1175 1575 1226 itaque

246 1241 324 1279 hoc
343 1239 380 1279 ei
399 1240 526 1280 visum
542 1249 601 1281 est
620 1242 981 1293 prudentissimum,
1000 1250 1042 1281 ut
1062 1241 1187 1281 deviis
1207 1241 1411 1281 itineribus
1433 1240 1575 1280 milites

247 1305 419 1352 duceret,
436 1305 477 1344 in
490 1306 634 1357 quibus
649 1320 740 1346 vera
757 1306 893 1346 audire
908 1320 990 1346 non
1010 1315 1183 1358 possent,
1197 1314 1236 1346 et
1256 1306 1302 1345 iis
1323 1307 1575 1358 persuaderet

205 1376 226 1409 6
247 1382 289 1408 se
317 1378 455 1409 contra
480 1372 675 1421 quosdam
705 1371 891 1411 barbaros
921 1371 1127 1423 proficisci.
1186 1371 1320 1422 itaque
1343 1370 1469 1410 tenuit
1497 1371 1574 1409 hoc

246 1435 492 1486 propositum
512 1443 551 1475 et
577 1436 683 1487 prius
702 1436 743 1475 in
762 1436 889 1476 aciem
909 1436 1123 1476 exercitum
1143 1436 1278 1476 eduxit
1301 1436 1574 1487 proeliumque
1596 1449 1637 1473 20

246 1499 455 1548 commisit,
491 1514 611 1551 quam
658 1500 800 1540 milites
846 1501 907 1541 sui
944 1501 1098 1549 scirent,
1139 1515 1230 1540 cum
1277 1501 1423 1552 quibus
1467 1514 1577 1540 arma

245 1565 478 1604 conferrent.
536 1565 665 1605 effecit
684 1565 802 1605 etiam
823 1566 921 1605 illud
940 1568 1117 1605 locorum
1144 1565 1511 1617 praeoccupatione,
1533 1573 1576 1605 ut

246 1629 424 1680 equitatu
444 1629 575 1681 potius
601 1630 816 1678 dimicaret,
839 1644 920 1682 quo
946 1632 1035 1682 plus
1055 1632 1220 1678 valebat,
1244 1645 1363 1682 quam
1385 1630 1574 1683 peditatu,

247 1708 328 1746 quo
348 1703 429 1734 erat
450 1695 629 1734 deterior.

201 1770 228 1808 4
303 1761 485 1809 Quorum
517 1760 708 1800 acerrimo
741 1775 936 1801 concursu
969 1775 1061 1801 cum
1095 1775 1278 1813 magnam
1312 1769 1462 1813 partem
1495 1759 1575 1801 diei
1596 1773 1634 1806 ²5

248 1833 351 1864 esset
377 1833 660 1876 oppugnatum,
683 1826 789 1865 cadit
811 1828 993 1867 Crateros
1020 1828 1100 1866 dux
1119 1834 1159 1866 et
1186 1828 1488 1878 Neoptolemus,
1508 1825 1577 1876 qui

249 1890 469 1928 secundum
497 1891 630 1929 locum
653 1890 806 1941 imperii
833 1891 1004 1930 tenebat.
1063 1905 1155 1930 cum
1179 1892 1256 1930 hoc
1275 1890 1473 1930 concurrit
1494 1890 1578 1942 ipse

213 1966 228 1987 2
252 1956 462 1993 Eumenes.
521 1955 588 2005 qui
618 1969 709 1994 cum
739 1955 839 1995 inter
867 1970 909 1995 se
935 1956 1130 2007 complexi
1157 1955 1197 1994 in
1227 1963 1367 1995 terram
1394 1969 1441 1994 ex
1467 1954 1579 2006 equis

250 2018 502 2066 decidissent,
534 2027 576 2058 ut
605 2019 718 2059 facile
747 2019 919 2071 intellegi
948 2028 1109 2071 possent
1138 2019 1298 2059 inimica
1326 2027 1459 2059 mente
1487 2033 1579 2059 con-

251 2082 424 2122 tendisse
456 2083 670 2135 animoque
705 2084 827 2135 magis
860 2085 979 2124 etiam
1012 2098 1207 2136 pugnasse
1244 2098 1364 2135 quarn
1401 2097 1576 2135 corpore,
1599 2097 1640 2129 30

294 2188 316 2217 6
345 2187 524 2219 aduersum
554 2187 626 2219 ΑΡ
786 2198 824 2219 12
855 2193 934 2221 tunc
966 2188 1061 2220 MPu
1222 2199 1259 2228 14
1291 2197 1455 2223 summam
1485 2187 1577 2220 Dan.
1731 2188 1740 2228 ξ

252 2229 416 2261 AMPR:
439 2240 568 2262 summa
595 2231 674 2263 Bu:
698 2233 818 2263 summi
848 2232 988 2274 Madvig
1146 2242 1182 2271 17
1207 2233 1239 2263 ei
1259 2232 1368 2262 uisum
1388 2237 1441 2263 est
1465 2230 1580 2272 anp.:

254 2274 328 2304 eius
344 2274 405 2304 suit
427 2274 515 2305 codd.
646 2285 687 2314 19
708 2279 810 2315 atque
836 2275 942 2306 Halm
1062 2285 1104 2316 24
1129 2275 1298 2307 deteriore
1322 2273 1416 2306 ABu
1537 2274 1580 2306 26

256 2321 442 2357 pugnatum
461 2328 482 2347 ιι
571 2328 614 2358 29
636 2324 752 2359 posset
769 2317 876 2350 BMR
