1718 2746
612 136 865 177 CORNELI
895 136 1136 177 NEPOTIS

211 261 298 288 esse
323 249 550 300 spectaculo
577 246 726 287 nemini
752 247 793 287 in
819 246 969 288 eisdem
994 248 1178 300 gentibus
1203 249 1275 289 fuit
1294 249 1537 302 turpitudini.

213 327 316 365 quae
335 313 470 353 omnia
494 315 602 365 apud
628 326 702 352 nos
721 313 861 364 partim
887 313 1059 362 infamia,
1079 314 1221 366 partim
1241 315 1404 354 humilia
1421 322 1541 367 atque

173 385 194 418 6
212 379 264 418 ab
284 380 490 418 honestate
515 386 667 418 remota
691 386 902 430 ponuntur.
961 386 1098 419 contra
1116 393 1162 419 ea
1187 381 1373 431 pleraque
1398 374 1541 420 nostris

214 443 389 483 moribus
408 451 500 482 sunt
519 444 673 492 decora,
687 457 790 495 quae
806 445 914 495 apud
933 444 1020 483 illos
1039 444 1166 495 turpia
1181 452 1376 496 putantur.
1420 458 1539 496 quem

213 508 320 548 enim
341 511 615 548 Romanorum
639 510 763 560 pudet
788 522 949 548 uxorem
969 510 1113 549 ducere
1132 509 1173 548 in
1193 510 1415 550 convivium
1429 513 1447 550 ?
1473 518 1541 550 aut
1559 527 1578 560 5

215 573 326 613 cuius
345 587 427 613 non
446 581 570 613 mater
587 573 753 612 familias
772 574 942 625 primum
967 576 1100 613 locum
1120 582 1228 614 tenet
1246 575 1404 614 aedium
1423 583 1543 627 atque

178 638 255 683 7in
285 638 511 678 celebritate
538 640 741 678 versatur?
795 640 905 689 quod
934 641 1059 678 multo
1087 640 1131 678 fit
1159 639 1269 678 aliter
1296 640 1336 679 in
1366 640 1540 680 Graecia.

214 717 308 742 nam
346 717 476 754 neque
513 703 554 742 in
592 702 816 743 convivium
853 703 1063 743 adhibetur
1099 703 1176 743 nisi
1219 705 1542 756 propinquorum,

215 782 345 820 neque
365 769 476 808 sedet
496 767 571 807 nisi
590 767 631 806 in
649 767 831 807 interiore
850 770 960 819 par'te
974 769 1144 817 aedium,
1160 783 1261 820 quae
1275 770 1544 820 gynaeconitis

213 834 442 885 appellatur,
475 846 556 884 quo
593 845 713 872 nemo
749 833 903 887 accedit
939 833 1015 872 nisi
1051 834 1272 884 propinqua
1309 834 1544 884 cognatione
1563 849 1603 872 ιο

176 907 196 938 8
214 898 459 937 coniunctus.
517 899 588 937 sed
617 897 682 937 hic
709 899 821 949 plura
848 898 1029 949 persequi
1058 912 1150 937 cum
1179 899 1410 949 magnitudo
1438 901 1545 938 volu-

215 963 332 1002 minis
350 962 548 1014 prohibet,
567 970 651 1001 tum
670 962 879 1011 festinatio,
900 970 943 1002 ut
968 976 1015 1002 ea
1037 963 1241 1014 explicem,
1263 976 1365 1014 quae
1384 977 1544 1003 exorsus

215 1041 314 1067 sum.
371 1041 492 1079 quare
510 1028 562 1066 ad
581 1027 825 1079 propositum
844 1028 1048 1067 veniemus
1074 1036 1112 1067 et
1137 1028 1178 1067 in
1198 1029 1276 1068 hoc
1301 1041 1544 1080 exponemus

214 1092 315 1132 libro
334 1093 385 1132 de
404 1092 483 1132 vita
501 1092 777 1133 excellentium
796 1092 1084 1144 imperatorum.

179 1232 197 1260 1
271 1218 521 1265 M1LT1ADES‚
550 1216 729 1257 Cimonis
758 1215 870 1264 filius,
897 1215 1163 1264 Atheniensis,
1185 1230 1276 1255 cum
1308 1224 1346 1256 et
1379 1217 1545 1268 antiqui-
1562 1232 1601 1265 ¹5

215 1289 295 1320 tate
313 1281 464 1332 generis
485 1290 523 1321 et
542 1282 664 1333 gloria
683 1281 875 1320 maiorum
890 1289 929 1320 et
949 1294 1018 1319 sua
1033 1281 1228 1320 modestia
1242 1295 1345 1320 unus
1365 1282 1543 1321 omniurn

216 1346 385 1385 maxime
414 1347 568 1387 floreret
601 1360 727 1397 eaque
754 1353 857 1385 esset
883 1353 1022 1394 aetate,
1047 1354 1090 1385 ut
1118 1359 1200 1384 non
1229 1346 1306 1384 iam
1336 1348 1463 1385 solum
1492 1348 1545 1386 de

216 1424 266 1450 eo
284 1411 388 1450 bene
407 1424 571 1462 sperare,
586 1412 656 1450 sed
676 1410 794 1450 etiam
813 1411 1014 1450 confidere
1032 1410 1137 1449 cives
1157 1418 1318 1461 possent
1337 1410 1408 1458 sui,
1425 1413 1542 1450 talem

216 1489 308 1514 eum
327 1477 511 1523 futurum,
533 1477 691 1526 qualem
710 1475 913 1525 cognitum
938 1474 1178 1522 iudicarunt,·
1192 1475 1336 1514 accidit
1362 1482 1404 1514 ut
1424 1477 1544 1515 Athe-

179 1557 194 1579 2
216 1539 373 1579 nienses
393 1541 686 1580 Chersonesum
705 1541 869 1579 colonos
888 1541 1032 1579 vellent
1052 1539 1217 1579 mittere.
1261 1540 1372 1579 cuius
1391 1541 1544 1591 generis
1561 1557 1602 1579 20

217 1618 309 1644 cum
346 1618 511 1655 magnus
547 1617 734 1644 numerus
766 1612 868 1644 esset
905 1611 945 1643 et
982 1604 1095 1643 multi
1132 1604 1216 1643 eius
1249 1605 1543 1655 demigrationis

216 1677 393 1721 peterent
429 1669 670 1717 societatem,
704 1682 752 1708 ex
788 1669 850 1708 his
886 1669 1029 1709 delecti
1068 1670 1247 1720 Delphos
1284 1669 1542 1709 deliberatum

217 1734 325 1773 missi
344 1742 435 1773 sunt
454 1734 522 1785 qui
541 1736 792 1774 consulerent
811 1734 1050 1785 Apollinem,
1073 1747 1154 1785 quo
1173 1733 1421 1785 potissimum
1441 1735 1544 1774 duce

216 1807 426 1839 uterentur.
496 1813 669 1851 namque
699 1807 784 1839 tum
813 1801 1012 1839 Thraeces
1042 1812 1108 1838 eas
1141 1799 1318 1849 regiones
1355 1799 1544 1839 tenebant

179 1877 308 1908 3cum
345 1865 489 1915 quibus
525 1864 643 1904 armis
680 1872 762 1904 erat
798 1864 1080 1904 dimicandum.
1150 1863 1210 1903 his
1246 1864 1544 1904 consulentibus
1562 1878 1600 1910 ²5

217 1929 448 1968 nominatim
471 1929 610 1979 Pythia
628 1929 837 1980 praecepit,
858 1936 901 1968 ut
929 1928 1151 1968 Miltiadem
1175 1929 1449 1980 imperatorem
1469 1929 1543 1968 sibi

174 2006 199 2037 ·4
216 2001 440 2033 sumerent:
487 1993 528 2033 id
561 1993 594 2032 si
630 1994 824 2042 fecissent,
857 1994 1014 2044 incepta
1049 2007 1235 2044 prospera
1271 1995 1408 2032 futura.
1467 1995 1543 2033 hoc

215 2057 362 2097 oraculi
381 2072 570 2109 responso
592 2058 793 2098 Miltiades
812 2072 903 2097 cum
923 2059 1076 2098 delecta
1095 2071 1215 2097 manu
1234 2059 1358 2097 classe
1379 2059 1543 2098 Cherso-

216 2136 355 2162 nesum
384 2124 581 2173 profectus
610 2137 700 2162 cum
729 2122 956 2162 accessisset
987 2124 1183 2162 Lemnum
1214 2131 1252 2162 et
1281 2122 1429 2162 incolas
1457 2123 1541 2162 eius

215 2187 365 2227 insulae
391 2187 466 2226 sub
491 2195 725 2238 potestatem
751 2187 924 2239 redigere
950 2189 1065 2227 vellet
1084 2187 1398 2234 Atheniensium,
1419 2186 1539 2237 idque
1557 2205 1601 2236 30

263 2300 298 2320 11
325 2290 378 2321 hic
411 2289 499 2321 Dan.
530 2301 572 2320 u:
608 2301 673 2321 om.
703 2289 800 2321 MR:
834 2291 919 2322 haec
943 2289 1007 2321 rell.
1259 2299 1299 2329 19
1318 2300 1394 2320 eum
1421 2300 1486 2321 om.
1509 2290 1541 2321 ς’

216 2343 258 2373 23
280 2334 336 2372 qui
353 2343 446 2364 cons.
464 2333 577 2373 Apoll.
597 2344 662 2365 om.
679 2333 770 2365 Lcid.
790 2346 798 2365 :
820 2334 930 2364 seclus.
957 2333 1140 2374 Schoppius
1270 2344 1311 2372 24
1336 2343 1412 2364 nam
1436 2332 1543 2364 BMR

216 2377 388 2409 Thraeces
411 2376 498 2416 Gif:
524 2376 649 2407 Treces
670 2376 759 2409 Dan.
777 2376 850 2408 ΑΡ
978 2377 1020 2409 26
1043 2377 1107 2407 sibi
1123 2377 1360 2419 imperatorem
1387 2376 1450 2409 Mu

1658 0 1718 269 g]

1667 104 1676 111 .

1708 267 1715 276 s

1671 326 1674 329 ι
1708 297 1718 319 i

1710 429 1718 536 1
