1746 2740
172 96 203 138 Ῐ.
224 96 299 138 viii
633 99 886 140 CORNELI
927 101 1167 141 NEPOTIS

238 209 432 250 habitarat
456 224 583 251 annos
609 219 839 263 perpetuam
860 212 1084 251 obtinuerat
1104 205 1419 251 dominationem
1437 217 1563 260 tyran-

237 289 391 327 nusque
424 277 550 316 fuerat
581 278 811 328 appellatus,
847 278 917 316 sed
952 277 1086 316 iustus.
1146 289 1228 315 non
1266 283 1347 315 erat
1385 275 1492 315 enim
1524 274 1562 314 vi

237 348 485 390 consecutus,
503 343 573 381 sed
594 355 755 381 suorum
774 343 987 389 voluntate,
1005 355 1174 393 eamque
1194 348 1431 393 potestatem
1451 339 1562 380 boni·

237 412 316 444 tate
358 399 560 445 retinebat.
636 420 774 446 omnes
815 413 947 446 autern
990 414 1028 446 et
1066 407 1251 446 dicuntur
1288 414 1328 445 et
1368 406 1564 445 habentur

237 470 402 520 tyranni,
436 471 504 522 qui
537 478 731 522 potestate
765 479 856 510 sunt
888 480 1077 523 perpetua
1110 473 1150 510 in
1184 486 1230 510 ea
1262 471 1429 519 civitate,
1461 484 1563 522 quae
1583 484 1602 516 5

198 547 219 578 4
236 534 415 574 libertate
427 549 498 574 usa
513 543 581 574 est.
623 537 693 575 sed
709 535 750 574 in
768 536 950 576 Miltiade
966 544 1046 575 erat
1062 550 1153 575 cum
1167 549 1324 575 summa
1338 535 1562 574 humanitas

236 606 321 638 tum
341 599 438 638 mira
458 600 733 648 communitas,
755 609 798 639 ut
824 615 944 640 nemo
964 609 1044 640 tam
1071 601 1230 640 humilis
1255 608 1369 648 esset,
1390 599 1455 639 cui
1480 613 1562 639 non

234 665 287 703 ad
307 678 396 703 eum
418 665 548 704 aditus
567 673 718 716 pateret
731 681 742 714 ς
771 679 914 716 magna
941 666 1153 705 auctoritas
1181 667 1289 716 apud
1317 665 1448 704 omnis
1473 664 1563 704 civi-

235 729 335 777 tatis,
358 730 491 769 nobile
517 743 676 778 nomen,
698 731 782 769 laus
809 731 863 770 rei
884 730 1059 770 militaris
1083 730 1263 773 maxima.
1322 732 1421 770 haec
1439 743 1564 781 popu-

234 796 294 833 lus
314 794 526 845 respiciens
546 795 683 834 maluit
703 795 813 834 illum
834 795 1038 835 innoxium
1062 795 1181 847 plecti
1205 809 1325 846 quam
1351 808 1394 834 se
1413 794 1561 834 diutius
1583 809 1622 833 10

234 873 320 899 esse
340 859 380 898 in
401 860 550 900 timore.

197 994 215 1022 1
286 984 624 1031 THEMlsmcLEs,
660 983 802 1023 Neocli
836 983 949 1032 filius,
985 983 1251 1023 Atheniensis.
1319 983 1436 1023 huius
1467 982 1561 1022 vitia

232 1047 403 1087 ineuntis
441 1049 733 1088 adulescentiae
771 1049 921 1100 magnis
963 1058 1054 1088 sunt
1092 1050 1303 1088 emendata
1338 1048 1560 1097 virtutibus,

231 1113 334 1152 adeo
354 1121 396 1152 ut
421 1115 658 1153 anteferatur
684 1114 775 1153 huic
802 1128 932 1162 nemo,
954 1114 1069 1165 pauci
1096 1128 1208 1165 pares
1234 1121 1430 1165 putentur.
1488 1113 1558 1152 sed

196 1192 213 1214 2
232 1178 284 1216 ab
308 1177 420 1216 initio
440 1186 499 1217 est
518 1178 743 1218 ordiendus.
802 1187 911 1230 pater
937 1178 1020 1218 eius
1045 1180 1217 1218 Neocles
1239 1191 1453 1229 generosus
1472 1177 1555 1216 fuit.
1580 1192 1616 1224 ¹5

232 1242 264 1281 is
285 1257 445 1283 uxorem
466 1245 714 1283 Acarnanam
734 1244 860 1283 civem
881 1244 1002 1292 duxit,
1024 1258 1072 1283 ex
1090 1258 1170 1294 qua
1188 1252 1303 1282 natus
1322 1251 1381 1282 est
1400 1242 1560 1282 Themi-

231 1309 384 1347 stocles.
443 1308 511 1359 qui
540 1323 630 1347 cum
666 1308 796 1347 minus
825 1317 928 1348 esset
956 1309 1145 1360 probatus
1178 1308 1417 1359 parentibus,
1448 1308 1557 1358 quod

230 1380 270 1412 et
302 1373 460 1412 liberius
492 1373 647 1413 vivebat
680 1381 719 1413 et
752 1388 834 1413 rem
863 1373 1094 1413 familiarem
1123 1373 1370 1424 neglegebat,
1396 1386 1421 1411 a
1448 1380 1557 1423 patre

230 1439 488 1477 exheredatus
526 1446 595 1477 est.
654 1453 755 1489 quae
794 1438 1034 1478 contumelia
1071 1452 1152 1477 non
1190 1438 1301 1489 fregit
1342 1451 1446 1485 eum,
1486 1438 1556 1476 sed

193 1502 359 1548 3erexit.
432 1517 523 1542 narn
562 1517 653 1542 cum
692 1503 902 1543 iudicasset
940 1503 1025 1543 sine
1058 1517 1213 1542 summa
1250 1502 1441 1542 industria
1474 1516 1555 1541 non
1577 1519 1616 1540 20

229 1581 345 1618 posse
365 1581 452 1607 eam
473 1568 676 1619 exstingui,
699 1576 826 1607 totum
853 1582 894 1607 se
921 1568 1074 1607 dedidit
1099 1567 1153 1607 rei
1179 1567 1372 1619 publicae,
1394 1567 1556 1618 diligen-

228 1631 304 1671 tius
331 1632 467 1671 amicis
494 1634 700 1684 famaeque
720 1632 901 1672 serviens.
962 1634 1129 1672 multum
1157 1633 1196 1671 in
1221 1632 1376 1671 iudiciis
1395 1631 1554 1683 privatis

227 1698 462 1745 versabatur,
493 1712 610 1749 saepe
635 1698 676 1736 in
699 1698 927 1737 contionem
953 1698 1089 1749 populi
1118 1698 1300 1749 prodibat
1314 1712 1324 1746 3
1361 1699 1469 1736 nulla
1494 1711 1554 1736 res

229 1762 352 1801 maior
378 1763 462 1802 sine
489 1777 537 1802 eo
556 1763 762 1814 gerebatur
776 1777 785 1810 ;
814 1762 989 1802 celeriter
1015 1777 1116 1814 quae
1137 1777 1236 1814 opus
1256 1770 1366 1802 erant
1392 1762 1553 1813 reperie-

189 1838 209 1868 4
229 1826 306 1875 bat,
329 1826 441 1866 facile
461 1828 601 1866 eadem
621 1826 798 1866 oratione
818 1826 1047 1878 explicabat,
1070 1841 1199 1878 neque
1221 1827 1351 1866 minus
1377 1826 1417 1865 in
1437 1827 1553 1866 rebus
1575 1843 1612 1876 ²5

227 1892 407 1942 gerendis
446 1900 650 1943 promptus
689 1905 807 1942 quam
846 1891 1113 1942 excogitandis
1152 1900 1242 1939 erat,
1284 1893 1392 1942 quod
1431 1899 1470 1931 et
1502 1893 1553 1930 de

228 1954 476 2004 instantibus,
512 1965 554 1995 ut
587 1956 640 1995 ait
674 1956 940 2006 Thucydides,
972 1956 1172 1996 verissime
1206 1956 1406 1996 iudicabat
1434 1964 1474 1995 et
1502 1958 1552 1996 de

227 2019 364 2059 futuris
398 2021 647 2060 callidissime
682 2020 913 2060 coniciebat.
983 2036 1063 2072 quo
1097 2022 1244 2060 factum
1278 2029 1336 2060 est
1370 2029 1412 2060 ut
1445 2020 1551 2060 brevi

228 2093 404 2136 tempore
430 2086 692 2125 illustraretur.

184 2160 208 2187 2
283 2149 434 2188 Primus
461 2158 592 2189 autem
619 2152 762 2201 gradus
786 2151 857 2189 fuit
877 2152 1142 2201 capessendae
1163 2151 1216 2190 rei
1243 2151 1425 2201 publicae
1445 2151 1551 2190 bello
1571 2166 1613 2196 3ο

274 2262 290 2292 7
315 2254 455 2284 comitas
478 2253 574 2284 MRu
717 2255 737 2284 8
761 2253 852 2296 eum]
881 2255 972 2286 illum
996 2254 1050 2285 Pu
1228 2264 1265 2294 15
1289 2255 1489 2285 ordiendum
1514 2253 1556 2284 M

229 2295 375 2327 Neoclus
400 2296 490 2328 Dan.
508 2297 642 2327 ABPR
785 2298 824 2328 16
849 2298 1133 2329 Halicarnassiam
1157 2297 1271 2328 Aldus
1411 2308 1451 2337 24
1476 2297 1551 2328 sine

228 2338 284 2369 illo
299 2338 387 2370 Dan.
407 2341 448 2380 μζ)
468 2350 508 2369 u:
533 2340 607 2370 sine
624 2340 699 2380 ipso
716 2341 748 2371 R
875 2351 916 2381 25
942 2341 1038 2372 facile
1054 2364 1061 2373 .
1080 2365 1088 2373 .
1109 2364 1117 2373 .
1138 2341 1327 2381 explicabat
1349 2351 1414 2371 om.
1435 2341 1465 2372 ς’
