1746 2740
701 161 974 201 DATAMES
1419 161 1532 200 XIV.
1547 160 1595 199 ix

175 289 267 316 eum
302 274 465 324 faciunt,
498 273 567 326 qui
600 273 828 326 suppositus
861 280 954 313 erat.
1014 272 1259 325 praedixerat
1290 281 1425 312 autem
1463 271 1510 312 iis

177 342 378 388 Datames,
399 353 491 379 cum
517 339 663 392 quibus
686 339 761 379 iter'
784 338 966 387 faciebat,
987 346 1031 377 ut
1057 338 1182 390 parati
1207 346 1340 378 essent
1368 339 1506 386 facere,

173 407 283 458 quod
317 406 446 458 ipsum
475 405 677 446 vidissent.
747 404 842 457 ipse,
879 411 923 444 ut
955 403 1226 444 concurrentis
1260 403 1509 443 insidiatores
1530 419 1548 451 5

172 471 351 510 animum
380 470 558 519 advertit,
581 472 659 510 tela
686 470 728 510 in
754 484 824 510 eos
843 469 1026 509 coniecit.
1085 471 1163 509 hoc
1182 469 1288 509 idem
1310 482 1401 508 cum
1425 468 1510 508 uni-

135 551 153 583 5
173 537 272 578 versi
292 537 487 586 fecissent,
506 536 735 588 priusquam
756 535 1006 588 pervenirent
1024 536 1076 575 ad
1096 549 1187 575 eum
1209 548 1329 587 quem
1348 534 1508 586 aggredi

172 604 370 651 volebant,
392 602 537 642 confixi
557 602 832 642 conciderunt.

228 668 309 708 Hic
338 676 471 708 tamen
501 675 580 707 tam
605 667 771 707 callidus
794 667 851 706 vir
877 674 1053 707 extremo
1077 675 1255 719 tempore
1281 673 1421 718 captus
1447 673 1506 705 est
1525 674 1574 702 10

173 735 426 783 Mithridatis,
459 734 734 775 Ariobarzanis
763 734 846 783 filii,
874 736 980 774 dolo.
1039 748 1213 785 namque
1242 733 1274 772 is
1307 732 1506 784 pollicitus

171 809 229 840 est
250 800 328 852 regi
349 815 391 840 se
410 814 502 840 eum
523 800 832 849 interfecturum,
854 800 886 839 si
906 799 942 839 ei
962 814 1029 839 rex
1048 799 1304 851 permitteret,
1320 806 1362 837 ut
1382 798 1506 849 quod-

113 880 152 903 10
170 879 342 918 cumque
375 867 492 905 vellet
530 865 664 905 liceret
697 864 861 917 impune
894 866 1034 913 facere,
1065 866 1268 916 fidemque
1301 865 1352 904 de
1385 877 1433 903 ea
1465 877 1506 902 re

171 944 280 971 more
310 932 516 970 Persarum
545 931 682 970 dextra
709 930 895 970 dedisset.
966 931 1070 969 hanc
1099 938 1142 969 ut
1172 928 1325 980 accepit
1358 942 1383 968 a
1415 942 1505 979 rege
1527 942 1543 965 2

171 995 341 1044 missam,
377 995 512 1047 copias
551 1003 661 1047 parat
698 1003 738 1035 et
775 996 919 1035 absens
956 995 1171 1035 amicitiam
1206 1008 1298 1034 cum
1335 996 1505 1034 Datame

170 1060 271 1109 facit,
295 1060 394 1112 regis
415 1060 636 1113 provincias
656 1068 780 1109 vexat,
803 1062 963 1100 castella
983 1068 1193 1112 expugnat,
1216 1073 1378 1111 magnas
1398 1073 1506 1111 prae-

170 1127 240 1165 das
261 1126 379 1177 capit,
399 1140 564 1177 quarum
589 1126 730 1177 partim
751 1125 831 1166 suis
851 1126 1041 1177 dispertit,
1064 1125 1205 1177 partim
1226 1127 1278 1165 ad
1306 1127 1504 1165 Datamen

113 1203 149 1235 ¹5
171 1191 314 1240 mittit,-
350 1191 433 1243 pari
463 1193 586 1231 modo
614 1193 819 1242 complura
851 1193 1013 1231 castella
1045 1190 1082 1231 ei
1116 1190 1244 1231 tradit.
1303 1192 1402 1230 haec
1435 1190 1503 1230 diu
1525 1204 1543 1236 3

169 1246 353 1297 faciendo
368 1256 560 1308 persuasit
576 1256 727 1297 homini
744 1271 786 1296 se
805 1256 1003 1296 infinitum
1020 1257 1209 1296 adversus
1225 1269 1355 1307 regem
1377 1269 1505 1296 susce-

168 1322 272 1374 pisse
302 1323 461 1370 bellum,
493 1336 583 1362 cum
613 1322 738 1362 nihilo
768 1322 902 1374 magis,
929 1336 980 1362 ne
1006 1335 1127 1373 quam
1157 1321 1424 1373 suspicionem
1448 1320 1502 1360 illi
1542 1346 1545 1348 -

167 1388 372 1439 praeberet
398 1388 640 1437 insidiarum,
667 1403 797 1440 neque
825 1388 1070 1440 colloquium
1097 1388 1182 1428 eius
1208 1388 1346 1440 petivit
1371 1402 1502 1440 neque

167 1452 207 1492 in
237 1462 496 1506 conspectum
521 1454 654 1495 venire
682 1455 844 1495 studuit.
903 1455 960 1495 sic
985 1456 1130 1496 absens
1157 1454 1371 1495 amicitiam
1397 1469 1503 1507 gere-

110 1530 150 1553 20
168 1519 246 1567 bat,
268 1527 311 1559 ut
331 1533 411 1559 non
433 1520 635 1560 beneficiis
657 1520 815 1570 mutuis,
837 1522 907 1561 sed
928 1520 1132 1561 communi
1153 1521 1258 1569 odio,
1281 1522 1390 1572 quod
1411 1534 1502 1572 erga

166 1597 297 1635 regem
317 1594 582 1637 susceperant,
605 1586 798 1626 contineri
818 1586 1053 1627 viderentur.

221 1650 270 1689 Id
290 1663 381 1689 cum
408 1651 500 1690 satis
520 1664 562 1691 se
582 1652 837 1691 confirmasse
856 1652 1065 1691 arbitratus
1085 1660 1154 1701 est,
1177 1652 1382 1692 certiorem
1406 1652 1498 1692 facit
1518 1664 1555 1693 11

168 1715 376 1764 Datamen,
408 1724 564 1768 tempus
594 1731 680 1757 esse
709 1717 878 1757 maiores
906 1716 1099 1757 exercitus
1128 1717 1253 1767 parari
1281 1725 1321 1757 et
1350 1717 1499 1757 bellum

166 1793 257 1818 cum
278 1779 365 1831 ipso
384 1794 474 1832 rege
494 1782 651 1833 suscipi,
673 1784 805 1834 deque
824 1797 871 1823 ea
891 1796 942 1831 re,
964 1782 997 1822 si
1017 1782 1053 1822 ei
1072 1781 1280 1832 videretur,
1302 1796 1383 1834 quo
1408 1784 1500 1823 loco

108 1855 147 1888 25
165 1845 293 1892 vellet,
315 1844 356 1883 in
382 1846 626 1897 colloquium
647 1848 807 1888 veniret.
867 1849 1033 1900 probata
1057 1861 1099 1888 re
1121 1847 1377 1899 colloquendi
1403 1855 1500 1887 tem-

165 1922 240 1959 pus
266 1909 434 1950 sumitur
459 1912 662 1963 locusque,
684 1927 766 1964 quo
793 1914 1079 1954 conveniretur.
1137 1914 1216 1952 huc
1246 1912 1497 1952 Mithridates
1519 1926 1534 1948 ²

164 1987 255 2013 cum
277 1988 370 2024 uno,
387 1975 451 2016 eui
472 1977 641 2017 maxime
661 1979 833 2019 habebat
854 1981 987 2028 fidem,
1004 1987 1097 2020 ante
1116 1978 1266 2030 aliquot
1286 1977 1371 2018 dies
1390 1977 1499 2018 venit

164 2040 513 2093 compluribusque
542 2042 639 2082 locis
672 2044 881 2095 separatim
909 2045 1063 2096 gladios
1096 2044 1227 2084 obruit
1255 2058 1382 2096 eaque
1410 2044 1499 2085 loca

164 2104 371 2156 diligenter
399 2115 520 2147 notat.
580 2108 666 2159 ipso
694 2117 827 2149 autem
857 2110 1045 2162 colloquii
1075 2110 1141 2150 die
1169 2109 1337 2162 utrique,
1362 2110 1497 2150 locum

104 2181 146 2213 30
164 2169 232 2221 qui
261 2172 507 2222 explorarent
535 2181 657 2225 atque
686 2173 793 2225 ipsos
822 2183 1097 2224 scrutarentur,
1129 2175 1316 2225 mittunt3
1349 2174 1498 2216 deinde

163 2234 237 2286 ipsi
266 2244 358 2276 sunt
386 2238 597 2290 congressi.
656 2238 720 2279 hic
741 2253 831 2279 cum
858 2240 1103 2292 aliquamdiu
1125 2241 1164 2280 in
1185 2240 1388 2293 colloquio
1407 2240 1497 2281 fuis·
1515 2254 1534 2286 3

163 2309 249 2340 sent
265 2310 304 2341 et
319 2302 471 2343 diverse
491 2304 764 2345 discessissent
784 2305 943 2358 iamque
958 2307 1094 2358 procul
1118 2308 1307 2347 Datames
1325 2307 1495 2356 abesset,

212 2416 248 2445 ¹4
272 2407 400 2446 pariter
415 2408 456 2440 ad
469 2407 559 2440 Dan.
579 2408 651 2440 ΑΡ
779 2421 822 2442 22
845 2415 936 2443 essct
948 2410 1058 2443 Halm
1168 2421 1211 2452 29
1234 2411 1448 2454 colloquendi
1465 2411 1497 2445 ς’

162 2459 205 2489 32
229 2450 355 2482 diuersi
372 2449 468 2483 MRu
