1746 2740
145 117 242 158 ΧΗ.
263 117 311 156 iv
621 98 875 159 CORNELI
905 118 1146 159 NEPOTIS

227 229 458 282 relinquere,
481 230 521 270 in
541 244 622 282 qua
638 232 765 270 fuerat
782 232 929 270 vectus.
987 229 1029 270 id
1047 229 1167 270 ceteri
1186 231 1314 270 facere
1331 231 1555 280 noluerunt,

228 294 297 347 qui
315 296 451 336 nando
470 295 511 335 in
530 303 660 336 tutum
675 303 946 348 pervenerunt.
995 295 1125 344 atille,
1139 303 1335 347 praestare
1349 297 1559 336 honestam

229 368 397 401 mortem
430 361 661 401 existimans
697 361 801 413 turpi
838 361 952 410 vitae,
992 361 1216 401 comminus
1253 374 1433 413 pugnans
1470 360 1558 402 telis

229 425 403 466 hostium
422 426 649 466 interfectus
669 433 739 466 est.

193 564 211 592 1
282 554 549 601 TlMO‘rHEVS,
589 553 769 593 Cononis
807 553 924 602 filius,
961 552 1227 592 Atheniensis.
1284 552 1350 592 hic
1387 567 1411 592 a
1447 561 1558 605 patre
1577 565 1596 596 5

227 624 434 669 acceptam
453 617 617 669 gloriam
638 617 772 657 multis
787 617 893 658 auxit
906 617 1114 657 virtutibus
1130 633 1137 656 :
1167 617 1240 656 fuit
1252 617 1359 657 enim
1374 617 1556 667 disertus,

228 682 402 734 impiger,
424 682 659 732 laboriosus,
687 683 742 723 rei
771 682 948 723 militaris
974 682 1122 735 peritus
1151 696 1281 734 neque
1309 682 1440 722 minus
1467 683 1559 723 civi·

191 763 206 785 2
228 748 318 788 tatis
337 750 544 799 regendae.
603 750 726 788 multa
752 748 869 788 huius
896 756 989 789 sunt
1012 749 1210 800 praeclare
1233 750 1346 796 facta,
1369 749 1440 788 sed
1457 750 1558 789 haec

228 813 398 853 maxime
436 814 608 853 illustria.
679 814 891 865 Olynthios
929 822 969 853 et
1007 813 1216 864 Byzantios
1246 814 1353 852 bello
1388 813 1554 865 subegit.

227 880 390 919 Samum
423 879 554 930 cepit:
594 879 635 918 in
666 893 748 930 quo
781 880 1052 930 oppugnando
1081 878 1270 931 superiori
1301 879 1408 917 bello
1436 880 1557 918 Athe·
1578 891 1617 914 ιο

225 944 382 986 nienses
403 944 511 984 mille
530 952 570 984 et
595 946 769 984 ducenta
795 946 943 983 talenta
966 951 1303 995 consumpserant,
1325 943 1367 983 id
1386 943 1452 983 ille
1471 944 1557 984 sine

225 1010 304 1049 ulla
323 1009 482 1061 publica
501 1009 681 1061 impensa
700 1011 850 1061 populo
869 1008 1047 1048 restituit.
1088 1009 1275 1048 adversus
1290 1009 1438 1048 Cotum
1453 1009 1558 1048 bella

223 1074 342 1125 gessit
372 1074 425 1114 ab
454 1087 583 1125 eoque
614 1074 720 1114 mille
751 1082 790 1113 et
819 1086 871 1113 cc
901 1075 1048 1113 talenta
1077 1074 1245 1124 praedae
1279 1073 1319 1112 in
1352 1073 1556 1124 publicum

187 1155 206 1187 3
225 1139 382 1180 rettulit.
442 1139 629 1190 Cyzicum
660 1139 871 1178 obsidione
900 1138 1088 1178 liberavit.
1146 1138 1401 1177 Ariobarzani
1439 1138 1556 1178 simul

225 1218 317 1244 cum
337 1204 521 1256 Agesilao
548 1203 694 1243 auxilio
722 1205 921 1255 profectus
949 1211 1019 1252 est,
1046 1217 1070 1242 a
1095 1216 1176 1254 quo
1202 1217 1293 1242 cum
1315 1205 1422 1243 Laco
1441 1217 1556 1254 pecu·
1577 1215 1615 1248 15

225 1269 332 1309 niam
370 1276 615 1308 numeratam
653 1269 881 1320 accepisset,
921 1268 986 1308 ille
1030 1268 1126 1308 civis
1166 1282 1258 1308 suos
1301 1282 1395 1319 agro
1437 1276 1557 1320 atque

224 1334 389 1374 urbibus
407 1333 540 1385 augeri
559 1333 696 1373 maluit
709 1347 828 1384 quam
844 1333 887 1372 id
907 1346 1076 1381 sumere,
1095 1333 1207 1372 cuius
1227 1340 1377 1384 partem
1390 1335 1555 1373 domum

226 1412 337 1438 suam
357 1400 456 1438 ferre
475 1406 618 1450 posset.
677 1398 810 1450 itaque
835 1398 988 1450 accepit
1008 1398 1216 1439 Crithoten
1236 1406 1275 1437 et
1295 1400 1463 1438 Sestum.

182 1473 209 1502 2
281 1465 396 1503 Idem
409 1463 523 1503 classi
535 1465 755 1515 praefectus
774 1463 1071 1503 circumvehens
1086 1465 1417 1515 Peloponnesum,
1434 1465 1556 1503 Laco-

225 1528 342 1569 nicen
362 1531 584 1582 populatuS,
598 1530 763 1569 classem
784 1542 920 1569 eorum
937 1529 1094 1581 fugavit,
1113 1530 1325 1580 Corcyram
1341 1529 1416 1568 sub
1435 1528 1556 1580 impe-
1575 1542 1617 1565 20

225 1594 325 1634 rium
338 1594 642 1634 Atheniensium
657 1594 808 1646 redegit
823 1594 1031 1646 sociosque
1048 1594 1154 1634 idem
1166 1594 1344 1634 adiunxit
1361 1594 1555 1646 Epirotas,

226 1661 482 1708 Athamanas,
504 1661 690 1700 Chaonas
710 1673 930 1712 omnesque
950 1674 1016 1700 eas
1035 1667 1183 1712 genteS,
1206 1673 1307 1710 quae
1334 1673 1440 1699 mare
1458 1659 1557 1699 illud

191 1741 206 1762 2
225 1724 418 1764 adiacent.
476 1738 556 1776 quo
585 1726 690 1764 facto
720 1725 1028 1766 Lacedaemonii
1048 1727 1099 1765 de
1119 1724 1273 1764 diutina
1301 1723 1556 1764 contentione

226 1789 459 1829 destiterunt
490 1798 529 1829 et
560 1803 630 1829 sua
664 1799 806 1842 sponte
839 1790 1151 1831 Atheniensibus
1183 1789 1335 1840 imperii
1374 1788 1557 1829 maritimi

226 1854 489 1906 principatum
518 1863 808 1904 concesserunt,
842 1868 1061 1907 pacemque
1091 1854 1137 1894 iis
1166 1854 1318 1905 legibus
1347 1854 1558 1894 constitue-
1577 1869 1616 1901 ²5

226 1926 328 1966 runt,
363 1926 406 1958 ut
443 1919 707 1959 Athenienses
750 1920 846 1960 mari
884 1922 1006 1960 duces
1045 1927 1186 1959 essent.
1257 1932 1359 1970 quae
1396 1918 1557 1958 victoria

227 1991 360 2023 tantae
379 1985 451 2023 fuit
469 1984 611 2024 Atticis
632 1985 812 2033 laetitiae,
831 1993 873 2024 ut
894 1993 977 2024 tum
993 1984 1163 2036 primum
1178 1997 1267 2023 arae
1287 1983 1380 2023 Paci
1399 1983 1557 2034 publice

190 2061 209 2093 3
228 2048 306 2088 sint
323 2050 449 2088 factae
468 2049 584 2100 eique
604 2051 703 2089 deae
723 2050 901 2102 pulvinar
929 2049 978 2088 sit
1007 2048 1239 2088 institutum.
1298 2048 1409 2087 cuius
1429 2048 1556 2087 laudis

227 2122 270 2154 ut
303 2114 494 2154 memoria
525 2123 711 2163 maneret,
744 2114 958 2153 Timotheo
996 2113 1154 2164 publice
1192 2121 1362 2152 statuam
1392 2112 1432 2151 in
1470 2114 1556 2152 foro

273 2229 312 2250 10
335 2218 369 2250 in
385 2229 452 2259 qua
469 2219 699 2260 oppugnanda
715 2218 777 2250 Mu
934 2227 973 2257 13
995 2227 1105 2257 eoque
1125 2216 1216 2248 mille
1232 2216 1286 2257 et]
1308 2216 1375 2248 mil.
1395 2221 1429 2247 et
1442 2216 1556 2248 r'nclus.

227 2261 377 2346 &affin
470 2260 898 2337 {ffix‘fiffih‘ssissffisshb‘zss
924 2259 1331 2336 αἱὼὲῗᾞιῗὲἱηῖιῖξ
1328 2260 1556 2336 ,ιῖΐὲΓέᾚῖ

227 2348 403 2423 {ffb-cias
419 2348 462 2390 P)
478 2347 567 2381 Dan.
580 2348 699 2379 ABP:
725 2348 864 2380 Gantias
881 2346 954 2379 MR
1085 2355 1127 2386 25
1150 2346 1190 2378 iis
1206 2347 1325 2389 Nippa
1349 2347 1402 2377 his
1414 2347 1498 2388 <hiis
1509 2345 1556 2388 P)
