1746 2740
161 123 321 165 XXIII.
343 124 392 163 iv
643 123 898 165 CORNELI
928 122 1169 164 NEPOTIS

245 236 299 277 lio
327 236 485 288 fugavit,
519 238 686 277 Paulum
716 237 922 276 consulem
951 234 1098 276 occidit
1126 243 1166 276 et
1192 235 1344 287 aliquot
1372 242 1572 287 praeterea

243 303 480 350 consulares,
509 301 550 342 in
581 301 642 341 his
675 302 750 342 Cn.
782 300 989 341 Servilium
1018 301 1245 348 Geminum,
1275 301 1345 353 qui
1372 300 1572 353 superiore

242 379 350 406 anno
369 368 494 406 fuerat
513 367 664 406 consul.

200 442 231 481 5·
299 435 390 473 Hac
423 447 555 485 pugna
591 440 765 487 pugnata
803 435 976 473 Romam
1010 434 1208 484 profectus
1245 440 1305 472 est
1341 434 1451 473 nullo
1483 432 1574 472 resi·

243 505 382 538 stente.
440 498 481 546 in
515 497 746 549 propinquis
777 497 885 537 urbis
917 497 1119 537 montibus
1145 505 1319 537 moratus
1351 505 1421 537 est.
1479 511 1570 536 cum
1589 510 1609 542 5

242 562 393 613 aliquot
423 561 479 601 ibi
511 562 596 602 dies
626 570 751 602 castra
783 562 985 602 habuisset
1015 569 1055 602 et
1085 562 1265 613 Capuam
1305 570 1570 610 reverteretur,

245 628 293 676 Q.
318 627 463 667 Fabius
491 627 701 675 Maximus,
724 627 893 666 dictator
919 628 1136 674 Romanus,
1161 626 1201 665 in
1227 640 1320 678 agro
1343 628 1511 667 Falerno
1535 627 1572 667 ei

207 709 223 731 2
244 705 286 731 se
315 691 471 732 obiecit.
530 692 594 731 hic
622 693 777 731 clausus
801 693 979 731 locorum
1008 691 1197 742 angustiis
1227 699 1348 731 noctu
1377 690 1463 731 sine
1490 693 1572 731 ullo

243 756 483 797 detrimento
520 757 710 797 exercitus
749 770 790 796 se
828 756 1027 808 expedivit
1067 756 1281 808 Fabioque,
1317 756 1572 797 callidissimo

243 821 479 873 imperatori,
501 821 612 862 dedit
635 822 764 865 verba.
823 835 996 872 namque
1026 822 1201 860 obducta
1229 829 1347 861 nocte
1375 830 1572 862 sarmenta
1594 834 1632 858 ιο

243 886 283 925 in
312 887 498 926 cornibus
527 887 782 926 iuvencorum
816 886 985 936 deligata
1016 885 1192 925 incendit
1223 886 1387 937 eiusque
1418 886 1571 937 generis

243 951 538 991 multitudinem
550 965 741 1002 magnam
761 951 995 1002 dispalatam
1024 950 1195 990 immisit.
1255 964 1337 1001 quo
1365 951 1572 1002 repentino

243 1015 401 1056 obiecto
424 1016 510 1056 visu
538 1024 691 1056 tantum
719 1024 904 1055 terrorem
925 1015 1058 1055 iniecit
1077 1014 1263 1055 exercitui
1284 1017 1570 1064 Romanorum,

204 1096 223 1127 3
242 1088 285 1119 ut
316 1081 447 1131 egredi
481 1088 588 1120 extra
616 1082 762 1119 vallum
793 1093 913 1120 nemo
946 1079 995 1119 sit
1025 1093 1154 1119 ausus.
1226 1081 1329 1119 hanc
1366 1087 1456 1131 post
1488 1094 1571 1121 rem

241 1153 392 1196 gestam
415 1158 497 1185 non
523 1146 577 1184 ita
603 1145 735 1184 multis
761 1145 902 1185 diebus
934 1146 990 1183 M.
1015 1144 1239 1184 Minucium
1270 1146 1432 1192 Rufum,
1454 1145 1572 1196 magi·
1593 1157 1630 1191 ¹5

242 1217 365 1249 strum
385 1210 564 1261 equitum
583 1210 666 1262 pari
692 1224 739 1250 ac
765 1210 998 1250 dictatorem
1019 1208 1195 1260 imperio,
1218 1211 1313 1250 dolo
1332 1211 1570 1260 productum

241 1275 282 1313 in
320 1275 514 1326 proelium
552 1275 708 1326 fugavit.
767 1275 972 1315 Tiberium
1011 1275 1291 1327 Sempronium
1332 1277 1569 1325 Gracchum,

241 1339 382 1379 iterum
413 1341 628 1388 consulem,
660 1340 700 1379 in
732 1339 902 1379 Lucanis
931 1340 1075 1380 absens
1103 1340 1144 1379 in
1173 1340 1335 1380 insidias
1363 1340 1570 1381 inductum

241 1404 407 1444 sustulit.
446 1406 502 1443 M.
519 1404 730 1444 Claudium
744 1406 988 1452 Marcellum,
1005 1404 1214 1456 quinquies
1230 1407 1446 1454 consulem,
1461 1407 1569 1457 apud

203 1487 223 1516 4
241 1468 458 1508 Venusiam
478 1468 561 1519 pari
581 1470 704 1508 modo
732 1468 935 1508 interfecit.
996 1471 1158 1521 longum
1178 1479 1237 1510 est
1256 1470 1391 1510 omnia
1410 1484 1568 1510 enume·
1588 1481 1631 1504 ²0

241 1548 325 1574 rare
354 1534 512 1585 proelia.
571 1547 691 1586 quare
724 1535 800 1574 hoc
833 1548 958 1574 unum
989 1535 1081 1575 satis
1112 1536 1184 1576 erit
1217 1536 1379 1584 dictum,
1412 1550 1460 1576 ex
1487 1549 1568 1588 quo

242 1600 414 1651 intellegi
433 1600 567 1651 possit,
590 1607 760 1650 quantus
786 1599 850 1639 ille
879 1600 1017 1640 fuerit:
1048 1601 1239 1652 quamdiu
1270 1602 1310 1641 in
1341 1601 1455 1641 Italia
1482 1601 1567 1650 fuit,

242 1678 360 1705 nemo
380 1665 416 1704 ei
436 1665 476 1703 in
496 1665 581 1704 acie
600 1665 748 1712 restitit,
767 1678 887 1705 nemo
899 1667 1086 1706 adversus
1101 1680 1192 1707 eum
1209 1675 1298 1718 post
1314 1668 1567 1708 Cannensem
1601 1682 1604 1683 ⁷

241 1742 415 1780 pugnam
435 1728 474 1767 in
494 1742 637 1780 campo
656 1737 782 1768 castra
802 1729 943 1781 posuit.

196 1795 224 1831 6
298 1793 407 1833 Hinc
426 1793 594 1833 invictus
614 1793 778 1845 patriam
803 1796 1011 1835 defensum
1036 1805 1241 1836 revocatus
1271 1798 1418 1836 bellum
1446 1796 1565 1847 gessit
1584 1806 1625 1840 ²5

241 1859 427 1898 adversus
455 1860 495 1897 P.
528 1858 753 1909 Scipionem
782 1861 906 1898 filium
933 1860 1026 1908 eius,
1049 1875 1169 1913 quem
1197 1861 1280 1912 ipse
1306 1861 1434 1912 primo
1458 1862 1566 1912 apud

242 1924 496 1970 Rhodanum,
538 1922 677 1962 iterum
718 1925 826 1974 apud
865 1926 1033 1974 Padum,
1071 1926 1185 1966 tertio
1228 1927 1336 1977 apud
1379 1925 1566 1965 Trebiam

204 2004 219 2025 2
239 1989 399 2038 fugarat.
458 2001 548 2026 cum
569 1989 646 2027 hoc
666 1988 864 2028 exhaustis
884 1989 961 2028 iam
982 1991 1129 2041 patriae
1149 1990 1399 2030 facultatibus
1418 1989 1566 2041 cupivit

240 2051 602 2103 impraesentiarum
635 2053 782 2092 bellum
817 2066 1067 2105 componere,
1099 2069 1180 2106 quo
1209 2055 1398 2095 valentior
1428 2062 1565 2105 postea

239 2118 551 2167 congrederetur.
610 2117 651 2155 in
684 2117 927 2168 colloquium
961 2120 1157 2167 convenit,
1194 2119 1450 2159 condiciones
1482 2131 1564 2158 non
1583 2131 1628 2163 30

201 2198 220 2229 3
239 2190 518 2220 convenerunt.
573 2189 662 2232 post
689 2181 728 2220 id
759 2183 904 2221 sactum
934 2184 1069 2234 paucis
1099 2185 1240 2224 diebus
1268 2185 1374 2234 apud
1402 2185 1563 2222 Zamam

283 2294 302 2313 2
325 2283 387 2314 Cn.
418 2282 564 2315 Lamb.:
599 2283 636 2314 B.
667 2283 754 2316 codd.
902 2295 922 2324 5
945 2287 1019 2317 urbi
1045 2287 1146 2318 Fleck.
1290 2288 1312 2318 6
1335 2292 1566 2318 reuerteretur

239 2326 390 2366 Capuam
406 2327 437 2359 ς’
585 2338 607 2366 9
632 2327 799 2367 Fabioque
826 2328 901 2359 Pu:
930 2329 1032 2360 Fabio
1057 2330 1120 2361 rell.
1271 2339 1307 2368 13
1331 2330 1463 2361 obiecto
1491 2330 1564 2360 uisu

238 2369 373 2400 Nauck:
399 2370 530 2401 obiectu
548 2371 619 2401 uiso
635 2370 721 2401 codd.
857 2382 899 2402 20
922 2373 1033 2404 omnia
1048 2384 1114 2404 om.
1131 2373 1160 2405 ς’
1303 2375 1346 2404 26
1370 2373 1563 2413 Scipionem

240 2412 344 2445 filium
362 2413 435 2444 eius
453 2413 527 2444 Ru:
555 2413 659 2445 filium
677 2412 736 2445 M:
761 2424 827 2445 om.
847 2414 969 2446 ABP:
994 2416 1099 2447 filium
1116 2417 1188 2447 eius
1207 2415 1379 2457 Scipionis
1396 2415 1489 2458 Mpp.
