1746 2740
697 134 1001 176 TIMOLEON
1480 135 1568 172 XX.
1591 132 1606 170 i

187 250 424 291 fratricidam
438 249 687 302 impiumque
699 250 901 290 detestans
913 249 1179 299 compellaret.
1237 246 1382 298 quibus
1402 243 1520 285 rebus
1539 254 1559 286 6

188 316 252 356 ille
271 317 373 356 adeo
400 323 459 356 est
478 323 715 363 commotus,
737 322 780 354 ut
806 326 1108 365 nonnumquam
1128 312 1231 352 vitae
1251 313 1372 351 finem
1392 313 1520 351 facere

187 382 353 422 voluerit
385 390 505 433 atque
537 395 585 421 ex
617 380 857 432 ingratorum
891 379 1099 420 hominum
1138 386 1355 430 conspectu
1393 384 1520 417 morte

187 449 391 488 decedere.

150 526 168 558 5
242 514 406 555 Interim
446 514 578 554 Dione
623 513 823 565 Syracusis
870 512 1076 552 interfecto
1124 510 1340 562 Dionysius
1387 524 1518 556 rursus
1538 523 1563 552 2

187 582 463 631 Syracusarum
481 579 628 631 potitus
641 587 710 619 est.
769 577 880 618 cuius
895 576 1105 617 adversarii
1120 590 1238 628 opem
1258 590 1282 616 a
1302 575 1522 617 Corinthiis

187 645 383 696 petierunt
413 646 650 696 ducemque,
683 657 764 695 quo
794 642 835 682 in
872 643 978 682 bello
1012 649 1224 690 uterentur,
1256 642 1515 693 postularunt.

187 712 266 750 huc
291 711 503 750 Timoleon
531 710 672 749 missus
699 708 920 749 incredibili
953 707 1138 748 felicitate
1169 707 1406 758 Dionysium
1434 715 1518 747 tota

187 775 318 814 Sicilia
346 775 508 826 depulit.
567 789 658 815 cum
687 774 906 814 interficere
934 781 1079 825 posset,
1110 771 1251 821 noluit,
1279 779 1445 824 tutoque
1473 781 1516 812 ut
1537 789 1553 811 2

130 857 168 879 ιο
188 840 423 881 Corinthum
445 840 664 892 perveniret
679 839 819 888 effecit,
835 840 944 890 quod
960 846 1217 890 utrorumque
1235 838 1515 889 Dionysiorum

185 906 327 957 opibus
361 906 557 947 Corinthii
595 920 713 958 saepe
750 905 875 946 adiuti
913 906 1077 953 fuerant,
1113 904 1225 944 cuius
1262 904 1516 956 benignitatis

186 971 415 1011 memoriam
445 972 604 1012 volebat
636 979 798 1019 exstare,
828 984 997 1022 eamque
1035 971 1275 1021 praeclaram
1312 970 1516 1010 victoriam

184 1037 368 1086 ducebat,
400 1037 440 1076 in
475 1051 554 1089 qua
584 1039 672 1088 plus
703 1044 806 1077 esset
837 1036 1070 1076 clementiae
1104 1050 1224 1087 quam
1262 1036 1513 1085 crudelitatis,

185 1111 385 1154 postremo
404 1111 448 1142 ut
460 1117 541 1143 non
562 1105 690 1143 solum
710 1103 870 1142 auribus
890 1102 1143 1153 acciperetur,
1162 1103 1232 1142 sed
1253 1102 1369 1141 etiarn
1391 1102 1516 1143 oculis

130 1183 167 1216 15
185 1177 418 1218 cerneretur,
448 1183 568 1220 quem
597 1177 636 1210 et
673 1184 720 1209 ex
750 1176 900 1221 quanto
928 1182 1050 1220 regno
1078 1169 1130 1208 ad
1159 1182 1279 1219 quam
1317 1169 1515 1208 fortunam

185 1234 399 1274 detulisset.
458 1242 549 1286 post
582 1234 761 1286 Dionysii
792 1235 1000 1274 decessum
1039 1247 1131 1274 cum
1164 1233 1311 1273 Hiceta
1343 1233 1513 1283 bellavit,
1534 1247 1554 1279 3

185 1298 252 1350 qui
281 1300 509 1339 adversatus
537 1307 619 1339 erat
649 1299 866 1350 Dionysio:
907 1312 1026 1350 quem
1055 1312 1138 1338 non
1171 1298 1266 1338 odio
1299 1298 1515 1349 tyrannidis

183 1363 424 1413 dissensisse,
456 1366 527 1404 sed
555 1364 772 1416 cupiditate
801 1364 949 1404 indicio
978 1363 1060 1412 fuit,
1092 1365 1201 1415 quod
1240 1363 1324 1415 ipse
1352 1366 1516 1415 expulso

186 1429 378 1480 Dionysio
393 1429 600 1480 imperium
614 1429 812 1470 dimittere
824 1429 961 1470 noluit.
1010 1431 1088 1469 hoc
1103 1436 1287 1480 superato
1302 1428 1515 1469 Timoleon
1533 1447 1554 1479 4

125 1508 166 1531 20
185 1494 372 1534 maximas
396 1494 530 1546 copias
559 1495 949 1547 Karthaginiensium
978 1496 1086 1546 apud
1116 1493 1337 1535 Crinissum
1366 1496 1514 1534 flumen

182 1559 330 1610 fugavit
344 1573 390 1599 ac
410 1559 503 1599 satis
523 1561 669 1600 habere
689 1560 829 1612 coegit,
845 1560 876 1599 si
897 1560 1030 1600 liceret
1045 1559 1219 1599 Africam
1241 1559 1431 1608 obtinere,
1447 1560 1515 1611 qui

182 1622 260 1662 iam
281 1625 504 1675 complures
523 1638 650 1664 annos
670 1625 963 1676 possessionem
981 1624 1136 1664 Siciliae
1151 1625 1350 1664 tenebant.
1410 1625 1514 1676 cepit

182 1688 301 1728 etiam
323 1690 583 1738 Mamercum,
607 1690 790 1730 Italicum
818 1691 973 1738 ducem,
997 1689 1200 1729 hominem
1223 1689 1454 1730 bellicosum
1475 1699 1514 1730 et

182 1760 397 1804 potentem,
421 1753 488 1804 qui
508 1762 694 1805 tyrannos
714 1754 893 1794 adiutum
914 1754 953 1793 in
975 1753 1148 1794 Siciliam
1168 1762 1338 1794 venerat.

125 1828 164 1861 25
237 1818 394 1868 Quibus
421 1819 537 1858 rebus
567 1819 758 1859 confectis
785 1833 875 1859 cum
908 1827 1066 1871 propter
1092 1819 1391 1859 diuturnitatem
1421 1820 1511 1860 belli
1533 1830 1559 1870 3

182 1896 262 1922 non
284 1885 411 1923 solum
439 1883 631 1936 regiones,
652 1886 722 1924 sed
748 1885 866 1925 etiam
897 1885 1013 1924 urbes
1039 1886 1213 1924 desertas
1239 1884 1400 1934 videret,
1422 1899 1514 1925 con-

182 1948 340 1999 quisivit
369 1962 469 2000 quos
498 1949 636 2000 potuit,
659 1949 829 2001 primum
860 1950 1025 1998 Siculos,
1047 1949 1140 1989 dein
1170 1949 1365 1990 Corintho
1391 1964 1514 1990 arces-

182 2012 271 2052 sivit
299 2015 475 2062 colonos,
497 2016 606 2065 quod
635 2015 687 2054 ab
715 2015 761 2054 iis
790 2014 903 2054 initio
933 2016 1146 2065 Syracusae
1174 2023 1291 2054 erant
1313 2016 1509 2057 conditae.

182 2077 334 2118 civibus
354 2078 550 2118 veteribus
566 2093 636 2119 sua
655 2078 832 2127 restituit,
851 2079 962 2119 novis
979 2080 1084 2119 bello
1099 2081 1345 2120 vacuefactas
1361 2095 1512 2132 posses·
1532 2097 1548 2120 2

124 2154 166 2187 30
183 2142 314 2183 siones
352 2143 494 2192 divisit,
534 2144 689 2184 urbium
729 2145 886 2184 moenia
932 2144 1095 2184 disiecta
1142 2146 1311 2196 fanaque
1357 2147 1512 2186 deserta

183 2207 326 2256 refecit,
350 2208 572 2248 civitatibus
593 2211 697 2260 leges
720 2209 1021 2260 libertatemque
1047 2208 1243 2249 reddidit:
1272 2224 1319 2249 ex
1339 2211 1511 2251 maximo

182 2272 287 2312 bello
307 2280 460 2312 tantum
482 2274 606 2314 otium
628 2282 733 2314 totae
754 2274 904 2314 insulae
925 2274 1158 2322 conciliavit,
1181 2282 1224 2314 ut
1244 2274 1308 2314 hic
1328 2276 1511 2316 conditor

517 2378 556 2408 16
580 2377 703 2409 Hiceta
715 2377 837 2409 Bosius
854 2389 860 2409 :
887 2378 1018 2409 Hecata
1035 2377 1168 2408 AMPn
