1746 2740
0 142 9 220 ἕ

0 233 9 268 r

0 279 6 338 js.

0 418 8 491 ἱ

754 137 899 178 DION
1467 142 1515 180 X.
1537 142 1588 180 ix

218 251 309 288 Hac
331 256 463 289 mente
492 248 672 301 proximo
697 248 763 289 die
792 250 908 299 festo,
935 263 1027 290 cum
1047 263 1071 290 a
1091 257 1291 290 conventu
1315 264 1357 291 se
1377 264 1500 292 remo
1521 263 1550 301 9

162 322 246 354 tum
269 315 377 355 Dion
397 314 507 355 domi
528 322 678 355 teneret
697 322 817 366 atque
845 315 886 355 in
913 315 1092 355 conclavi
1113 315 1223 356 edito
1243 316 1498 365 recubuisset,

160 380 331 421 consciis
351 380 534 420 facinoris
561 382 649 420 loca
676 380 887 420 munitiora
917 381 1056 433 oppidi
1077 381 1206 430 tradit,
1229 383 1396 421 domum
1417 395 1502 422 cus-

161 446 280 488 todiis
310 446 446 497 saepit,
476 460 500 486 a
526 445 675 486 foribus
699 446 767 498 qui
798 460 880 487 non
904 446 1125 494 discedant,
1157 454 1286 487 certos
1313 446 1498 498 praeficit,

121 530 141 564 5
161 525 302 551 navem
337 511 535 551 triremem
569 511 728 551 armatis
761 519 874 551 ornat
909 511 1238 564 Philostratoque‚
1278 512 1387 552 fratri
1414 526 1498 561 suo,
1523 525 1538 547 2

160 577 278 617 tradit
298 591 467 629 eamque
495 577 536 616 in
566 585 681 629 portu
710 577 846 629 agitari
865 576 991 625 iubet,
1014 585 1056 617 ut
1076 577 1109 617 si
1135 591 1314 618 exercere
1334 578 1500 630 remiges

159 644 286 691 vellet,
318 642 510 694 cogitans,
539 643 571 682 si
597 644 697 683 forte
729 643 904 683 consiliis
929 642 1146 683 obstitisset
1176 644 1344 692 fortuna,
1372 650 1416 683 ut
1435 645 1501 683 ha-

160 709 280 758 beret,
314 722 393 760 qua
426 710 575 760 fugeret
605 710 656 749 ad
690 710 867 749 salutem.
927 722 1087 748 suorum
1119 716 1250 749 autern
1283 723 1305 749 e
1334 722 1500 749 numero
1522 722 1540 754 3

159 774 398 826 Zacynthios
427 775 702 814 adulescentes
732 775 928 826 quosdam
958 773 1066 825 eligit
1099 788 1190 814 cum
1214 773 1500 814 audacissimos
1555 812 1557 815 Α

103 857 142 881 ιο
160 847 244 880 tum
264 839 412 880 viribus
433 839 627 889 maximis,
642 839 783 891 hisque
803 841 871 880 dat
898 839 1116 891 negotium,
1136 842 1187 880 ad
1211 840 1385 880 Dionem
1407 847 1498 880 eant

160 906 343 955 inermes,
373 905 428 945 sic
457 914 500 945 ut
533 905 799 945 conveniendi
829 905 913 945 eius
942 905 1066 956 gratia
1094 905 1322 946 viderentur
1350 906 1496 946 venire,

159 971 200 1011 hi
229 980 389 1023 propter
418 971 599 1011 notitiam
628 979 720 1011 sunt
751 971 976 1011 intromissi.
1035 979 1075 1011 at
1105 971 1159 1010 illi
1188 979 1232 1011 ut
1262 971 1384 1012 limen
1414 972 1498 1012 eius
1519 983 1536 1016 4

159 1037 362 1086 intrarant,
400 1037 550 1076 foribus
588 1036 780 1076 obseratis
818 1036 859 1076 in
893 1038 997 1076 lecto
1036 1037 1250 1077 cubantem
1290 1037 1495 1086 invadunt,

159 1103 373 1155 colligant:
403 1104 445 1142 fit
475 1102 671 1153 strepitus,
702 1103 806 1142 adeo
835 1109 878 1142 ut
904 1102 1079 1142 exaudiri
1110 1102 1235 1153 possit
1255 1102 1359 1142 foris.
1418 1103 1498 1153 hic,
1519 1112 1536 1144 5
1564 1136 1567 1139 ,

102 1183 140 1218 15
159 1169 261 1208 sicut
297 1176 390 1208 ante
428 1182 546 1219 saepe
583 1167 734 1207 dictum
774 1175 846 1217 est,
884 1181 1003 1219 quam
1043 1167 1168 1207 invisa
1206 1168 1254 1207 sit
1293 1168 1498 1220 singularis

159 1234 337 1286 potentia
366 1242 405 1274 et
435 1233 659 1273 miseranda
679 1232 768 1280 vita,
796 1232 863 1284 qui
893 1246 935 1273 se
965 1233 1087 1272 metui
1118 1246 1238 1284 quam
1267 1233 1389 1273 amari
1420 1247 1498 1274 ma-

158 1301 256 1348 lunt,
278 1299 401 1339 cuivis
422 1299 535 1339 facile
556 1298 758 1339 intellectu
779 1298 861 1338 fuit.
922 1312 1095 1350 namque
1122 1298 1176 1337 illi
1203 1298 1276 1351 ipsi
1297 1297 1495 1348 custodes,
1517 1307 1537 1340 6

158 1364 189 1404 si
219 1365 377 1417 propria
405 1365 571 1404 fuissent
600 1365 816 1413 voluntate,
845 1363 995 1404 foribus
1024 1364 1192 1404 effractis
1221 1377 1374 1405 servare
1404 1379 1496 1405 eum

157 1430 390 1482 potuissent,
422 1431 532 1482 quod
561 1428 615 1468 illi
646 1428 815 1469 inermes
845 1430 967 1468 telum
994 1428 1332 1480 foris'flagitantes
1363 1430 1495 1470 vivum

100 1511 141 1535 20
157 1497 357 1536 tenebant.
416 1495 480 1535 cui
509 1508 601 1534 cum
631 1501 873 1534 succurreret
902 1507 1036 1543 nemo,
1057 1495 1166 1546 Lyco
1195 1494 1357 1546 quidam
1389 1497 1497 1546 Syra-

157 1575 328 1601 cusanus
366 1575 436 1613 per
474 1562 663 1600 fenestras
710 1559 885 1611 gladium
934 1559 1058 1610 dedit,
1096 1573 1178 1612 quo
1227 1559 1334 1600 Dion
1382 1559 1497 1600 inter-

157 1628 283 1668 fectus
312 1634 381 1667 est.

213 1694 408 1733 Confecta
437 1694 572 1742 caede,
594 1706 686 1732 cum
718 1691 933 1731 multitudo
949 1689 1102 1730 visendi
1131 1689 1254 1741 gratia
1282 1690 1492 1739 introisset,
1517 1701 1563 1730 10

158 1759 339 1798 nonnulli
377 1759 429 1798 ab
467 1759 600 1798 insciis
638 1771 710 1810 pro
748 1756 874 1797 noxiis
913 1755 1188 1795 conciduntur.
1246 1768 1339 1794 nam
1378 1756 1494 1796 celeri

98 1838 138 1871 25
159 1838 315 1864 rumore
335 1823 469 1872 dilato,
490 1823 611 1863 Dioni
627 1823 706 1862 vim
727 1824 900 1871 allatam,
914 1820 1026 1860 multi
1042 1828 1332 1869 concurrerant,
1350 1820 1494 1872 quibus

158 1892 236 1929 tale
269 1889 421 1929 facinus
454 1889 703 1941 displicebat.
761 1887 801 1927 hi
833 1889 929 1927 falsa
960 1885 1186 1937 suspicione
1216 1885 1326 1926 ducti
1360 1886 1495 1926 imme-

157 1963 288 1996 rentes
317 1963 359 1995 ut
388 1957 597 1995 sceleratos
631 1954 830 1995 occidunt.
891 1953 1008 1993 huius
1039 1954 1091 1992 de
1129 1959 1255 1992 morte
1289 1959 1331 1992 ut
1362 1954 1491 2004 palam
1516 1968 1532 1990 2

157 2022 303 2061 sactum
324 2028 394 2069 est,
427 2020 654 2060 mirabiliter
673 2020 777 2071 vulgi
805 2027 956 2059 mutata
980 2026 1039 2058 est
1060 2019 1252 2058 voluntas.
1312 2031 1403 2057 nam
1425 2018 1492 2069 qui

156 2086 288 2125 vivum
308 2100 400 2126 eum
421 2094 630 2137 tyrannum
653 2085 880 2132 vocitarant,
904 2084 1034 2124 eidem
1067 2083 1317 2123 liberatorem
1345 2083 1492 2134 patriae

97 2163 139 2194 30
156 2152 390 2204 tyrannique
428 2153 674 2203 expulsorem
715 2150 1007 2202 praedicabant.
1082 2149 1138 2188 sic
1177 2148 1310 2187 subito
1349 2148 1494 2188 miseri-

198 2269 217 2296 ⁴
241 2257 350 2296 sepsit
365 2256 396 2289 ‘a‘
553 2257 573 2287 8
596 2254 773 2294 aufugeret
792 2253 900 2285 Halm
1045 2263 1067 2293 9
1090 2251 1301 2292 Zaguntinos
1320 2250 1419 2292 (Sag-
1438 2250 1493 2293 M)

154 2299 299 2331 ABMR
413 2309 451 2331 12
474 2299 590 2331 limine
615 2304 714 2330 tenus
742 2297 839 2338 Nipp.
935 2306 973 2337 13
997 2296 1166 2327 intrarunt
1191 2296 1222 2328 ς
1315 2305 1351 2335 ¹4
1377 2301 1494 2336 posset

155 2342 228 2374 MR
319 2354 367 2383 14,
390 2353 427 2383 15
452 2344 506 2374 hic
523 2349 634 2375 autem
652 2343 738 2374 sicut
755 2341 788 2372 P
881 2341 919 2371 18
937 2340 1086 2380 propitia
1108 2339 1159 2372 R:
1186 2344 1342 2380 prompta
1362 2339 1492 2370 Halm:

156 2397 327 2428 propensa
346 2387 470 2418 Dietsclz
618 2396 654 2417 21
682 2385 868 2417 fenestram
896 2383 959 2415 cod.
991 2383 1186 2414 Marcianus
1321 2393 1363 2422 25
1388 2382 1492 2414 dilato

155 2429 275 2462 Lamb.
294 2442 300 2462 :
324 2431 436 2462 delato
452 2429 538 2462 codd.
