1746 2740
661 117 1075 157 EPAMINONDAS
1270 144 1273 145 γ
1474 116 1561 154 XV.

201 242 283 269 non
313 230 436 270 modo
455 228 553 268 mihi
572 236 781 281 superstes,
803 230 875 269 sed
896 228 1016 269 etiam
1036 227 1270 268 immortalis
1294 227 1344 268 sit
1373 241 1535 268 necesse

200 295 285 335 est.'
322 307 404 346 quo
419 301 597 346 tempore
613 295 716 335 duce
732 294 924 346 Pelopida
939 295 1093 334 exsules
1109 293 1272 334 Thebas
1291 300 1536 344 occuparunt
1548 287 1576 338 '3

200 367 240 400 et
255 359 496 411 praesidium
518 360 928 400 Lacedaemoniorum
949 374 997 400 ex
1011 373 1100 399 arce
1115 361 1361 411 expulerunt,
1381 358 1538 410 Epami-

201 427 370 474 nondas,
390 425 582 477 quamdiu
612 427 715 466 facta
742 434 801 466 est
830 427 974 466 caedes
993 425 1152 474 civium,
1173 426 1297 465 domo
1326 438 1368 464 se
1397 423 1535 472 tenuit,

164 504 180 536 ,ε
201 492 311 542 quod
337 504 468 542 neque
494 493 620 531 malos
646 492 861 531 defendere
880 491 1039 531 volebat
1065 504 1196 542 neque
1222 490 1467 542 impugnare,
1487 503 1538 529 ne

201 569 342 596 manus
355 569 518 595 suorum
532 556 723 608 sanguine
736 563 958 596 cruentaret
977 571 985 595 ε
1014 569 1188 606 namque
1204 568 1366 595 omnem
1380 554 1537 594 civilem

201 621 405 660 victoriam
419 622 616 661 funestam
629 622 804 673 putabat.
839 621 957 670 idem,
969 628 1181 673 postquam
1193 622 1302 672 apud
1316 621 1535 662 Cadmeam

202 700 294 726 cum
316 686 644 726 Lacedaemoniis
664 686 828 738 pugnari
849 694 1036 738 coeptum
1056 694 1126 734 est,
1149 686 1190 725 in
1210 685 1346 738 primis
1367 685 1484 726 stetit.

258 751 391 791 Huius
411 753 463 792 de
482 751 691 791 virtutibus
710 752 870 803 vitaque
890 751 983 791 satis
1002 751 1075 792 erit
1088 751 1252 799 dictum,
1270 751 1304 790 si
1319 752 1397 791 hoc
1412 764 1536 791 unum
1556 767 1577 797 4

146 832 185 855 10
202 817 430 865 adiunxero,
453 818 564 868 quod
587 831 708 857 nemo
734 817 806 857 ibit
825 817 982 866 infitias,
1009 818 1171 857 Thebas
1198 825 1237 857 et
1262 825 1356 857 ante
1380 816 1538 869 Epami-

202 883 380 922 nondam
407 890 543 922 natum
564 890 604 922 et
627 890 718 934 post
743 883 925 923 eiusdem
953 883 1156 922 interitum
1186 890 1379 934 perpetuo
1406 883 1539 922 alieno

202 947 378 999 paruisse
402 947 580 998 imperio,
602 955 740 987 contra
769 962 826 996 ea,
849 947 1042 999 quamdiu
1071 947 1136 987 ille
1159 947 1371 999 praefuerit
1390 947 1446 987 rei
1465 961 1538 999 pu·

202 1012 340 1061 blicae,
363 1020 482 1063 caput
503 1012 622 1053 fuisse
642 1013 763 1053 totius
784 1013 984 1053 Graeciae.
1043 1027 1092 1053 ex
1111 1026 1193 1064 quo
1213 1012 1387 1065 intellegi
1407 1019 1539 1065 potest

203 1092 327 1117 unum
349 1078 553 1118 hominem
574 1079 696 1130 pluris
716 1092 836 1130 quam
856 1079 1057 1119 civitatem
1078 1079 1209 1119 fuisse.

149 1221 156 1243 ι
167 1222 184 1252 5
260 1207 496 1245 PELopmAs
515 1206 747 1255 Thebanus,
767 1206 892 1258 magis
911 1205 1107 1246 historicis
1127 1219 1247 1257 quam
1267 1207 1386 1258 vulgo
1405 1214 1534 1246 notus.
1557 1219 1575 1246 1

204 1270 317 1310 cuius
337 1272 388 1310 de
408 1270 616 1310 virtutibus
636 1270 778 1310 dubito
797 1284 918 1323 quem
936 1272 990 1311 ad
1010 1272 1176 1311 modum
1197 1284 1406 1323 exponam,
1428 1273 1538 1323 quod

203 1350 350 1384 vereor,
372 1335 403 1375 si
425 1349 485 1375 res
505 1335 698 1387 explicare
718 1335 919 1388 incipiam,
939 1350 990 1376 ne
1010 1350 1091 1376 non
1112 1336 1232 1376 vitam
1248 1336 1333 1377 eius
1346 1350 1536 1386 enarrare,

203 1402 275 1441 sed
295 1401 498 1440 historiam
518 1401 653 1441 videar
671 1401 842 1442 scribere
861 1417 869 1441 :
898 1401 931 1441 si
950 1404 1232 1442 tantummodo
1259 1416 1434 1442 summas
1453 1402 1540 1441 atti-

202 1479 307 1517 gero,
330 1479 380 1506 ne
401 1465 566 1506 rudibus
587 1467 828 1506 Graecarum
848 1467 1064 1507 litterarum
1086 1467 1217 1507 minus
1230 1467 1406 1508 dilucide
1421 1481 1538 1519 appa-

146 1548 186 1571 κο
204 1539 296 1580 reat,
322 1539 494 1582 quantus
523 1531 639 1571 fuerit
668 1532 733 1571 ille
761 1532 828 1572 vir.
887 1532 1022 1584 itaque
1051 1533 1207 1584 utrique
1236 1532 1291 1573 rei
1320 1546 1535 1581 occurram,

202 1604 396 1648 quantum
417 1605 595 1648 potuero,
617 1605 656 1636 et
677 1598 869 1637 medebor
887 1612 979 1638 cum
1000 1598 1169 1638 satietati
1190 1607 1274 1638 tum
1295 1599 1539 1650 ignorantiae

203 1665 406 1704 lectorum.

259 1728 485 1769 Phoebidas
533 1729 875 1770 Lacedaemonius
922 1743 1013 1769 cum
1062 1730 1276 1770 exercitum
1315 1731 1536 1780 Olynthum
1560 1744 1576 1767 2

204 1794 366 1833 duceret
396 1793 548 1844 iterque
581 1808 651 1845 per
683 1795 845 1835 Thebas
882 1796 1038 1844 faceret,
1077 1809 1209 1834 arcem
1248 1794 1397 1846 oppidi,
1437 1808 1540 1846 quae

147 1873 186 1905 25
207 1859 386 1899 Cadmea
417 1858 655 1907 nominatur,
691 1859 900 1910 occupavit
930 1859 1103 1912 impulsu
1133 1873 1351 1912 paucorum
1384 1860 1540 1900 Theba-

206 1937 360 1971 norum,
399 1923 468 1975 qui
505 1924 749 1965 adversariae
787 1924 948 1964 factioni
986 1939 1067 1977 quo
1105 1925 1257 1965 facilius
1302 1925 1536 1975 resisterent,

208 1990 413 2028 Laconum
443 1989 560 2029 rebus
589 1990 815 2039 studebant,
846 1989 969 2042 idque
998 2004 1071 2031 suo
1090 1990 1253 2042 privato,
1275 2004 1357 2030 non
1377 1991 1540 2043 publico

206 2054 298 2093 fecit
331 2053 508 2094 consilio.
566 2068 647 2106 quo
678 2056 783 2094 facto
813 2069 904 2095 eum
940 2055 1248 2097 Lacedaemonii
1278 2057 1330 2096 ab
1368 2057 1539 2097 exercitu
1559 2070 1578 2102 3

250 2166 270 2197 5
295 2157 480 2189 defendere
507 2157 613 2189 malos
630 2157 663 2188 P
725 2159 791 2199 5,6
808 2169 918 2199 neque
934 2183 942 2191 .
963 2183 971 2191 .
991 2183 998 2191 .
1018 2164 1199 2192 cruentare
1216 2160 1322 2191 BMR
1410 2171 1428 2201 7
1452 2160 1539 2193 Cad-

207 2210 316 2232 meam
342 2200 442 2232 Fleck.
461 2213 469 2232 ε
501 2200 748 2234 Achademiam
769 2201 908 2241 (Acad·)
933 2202 1021 2234 codd.
1042 2214 1050 2234 ι
1074 2203 1250 2235 Cadmiam
1274 2203 1388 2235 Aldus
1518 2205 1540 2236 8

207 2244 351 2285 pugnari
368 2250 525 2284 coeptum
543 2245 614 2284 (ce-
630 2245 676 2286 P)
694 2250 746 2277 est
763 2245 837 2277 Pu:
861 2251 1048 2287 pugnatum
1065 2253 1114 2287 est
1131 2247 1294 2287 (pugnari
1311 2248 1405 2285 corr.)
1424 2248 1538 2288 coepit

208 2287 241 2317 A
260 2291 298 2318 ut
313 2287 463 2319 uidetur:
495 2298 650 2328 pugnare
668 2290 722 2328 (-ri
736 2288 769 2319 R
782 2292 878 2329 corr.)
897 2290 1011 2330 coepit
1027 2290 1116 2321 Dan.
1129 2289 1256 2324 BMR:
1288 2301 1402 2331 pugna
1425 2291 1539 2332 coepit

208 2330 306 2372 Nnjop.
445 2342 484 2363 10
507 2332 568 2364 ibit
586 2332 670 2364 Can.
687 2332 820 2364 Halm:
845 2333 870 2364 it
889 2333 981 2366 Ln'd.
998 2344 1005 2364 ε
1031 2338 1067 2364 ut
1087 2333 1173 2372 (siue
1192 2334 1243 2373 iit)
1270 2333 1322 2366 P:
1351 2335 1383 2366 id
1399 2334 1433 2365 A
1452 2346 1459 2366 :
1482 2338 1538 2366 eat

210 2374 275 2406 rell.
421 2384 459 2415 17
483 2385 527 2406 ne
551 2385 618 2407 non
642 2375 732 2408 AP:
757 2387 824 2407 non
851 2377 916 2409 rell.
1065 2387 1105 2418 19
1128 2376 1276 2409 dilucide
1301 2377 1392 2409 Dan.
1413 2377 1447 2408 A
1468 2380 1539 2419 (su-

205 2418 347 2460 prascr.)
365 2428 387 2449 u
398 2419 434 2450 c'n
451 2429 559 2463 marg.
578 2430 584 2450 :
609 2419 720 2452 lucide
736 2420 800 2452 rell.
951 2441 955 2445 ·

1411 2464 1450 2497 5*
