<?xml version="1.0" encoding="UTF-8"?>
<!DOCTYPE html PUBLIC "-//W3C//DTD XHTML 1.0 Transitional//EN"
    "http://www.w3.org/TR/xhtml1/DTD/xhtml1-transitional.dtd">
<html xmlns="http://www.w3.org/1999/xhtml" xml:lang="en" lang="en">
 <head>
  <title>
</title>
<meta http-equiv="Content-Type" content="text/html;charset=utf-8" />
  <meta name='ocr-system' content='tesseract 3.04.00' />
  <meta name='ocr-capabilities' content='ocr_page ocr_carea ocr_par ocr_line ocrx_word'/>
</head>
<body>
  <div class='ocr_page' id='page_1' title='image "./vitaerecognovitb00nepouoft_0123.png"; bbox 0 0 1746 2740; ppageno 0'>
   <div class='ocr_carea' id='block_1_1' title="bbox 750 128 1621 170">
    <p class='ocr_par' dir='ltr' id='par_1_1' title="bbox 750 128 1621 170">
     <span class='ocr_line' id='line_1_1' title="bbox 750 128 1621 170; baseline -0.003 -1"><span class='ocrx_word' id='word_1_1' title='bbox 750 129 1013 170; x_wconf 74' lang='lat' dir='ltr'>ATTICVS.</span> <span class='ocrx_word' id='word_1_2' title='bbox 1411 129 1540 168; x_wconf 91' lang='lat' dir='ltr'><strong>XXV.</strong></span> <span class='ocrx_word' id='word_1_3' title='bbox 1558 128 1621 166; x_wconf 87' lang='lat' dir='ltr'>vii</span> 
     </span>
    </p>
   </div>
   <div class='ocr_carea' id='block_1_2' title="bbox 145 241 1586 2262">
    <p class='ocr_par' dir='ltr' id='par_1_2' title="bbox 204 241 1579 490">
     <span class='ocr_line' id='line_1_2' title="bbox 261 241 1579 291; baseline -0.002 -9"><span class='ocrx_word' id='word_1_4' title='bbox 261 242 408 283; x_wconf 87' lang='lat' dir='ltr'>Incidit</span> <span class='ocrx_word' id='word_1_5' title='bbox 438 243 720 284; x_wconf 86' lang='lat' dir='ltr'>Caesarianum</span> <span class='ocrx_word' id='word_1_6' title='bbox 749 242 863 282; x_wconf 91' lang='lat' dir='ltr'>civile</span> <span class='ocrx_word' id='word_1_7' title='bbox 897 242 1056 289; x_wconf 91' lang='lat' dir='ltr'>bellum,</span> <span class='ocrx_word' id='word_1_8' title='bbox 1088 255 1180 281; x_wconf 91' lang='lat' dir='ltr'>cum</span> <span class='ocrx_word' id='word_1_9' title='bbox 1215 241 1378 281; x_wconf 88' lang='lat' dir='ltr'>haberet</span> <span class='ocrx_word' id='word_1_10' title='bbox 1410 254 1537 281; x_wconf 86' lang='lat' dir='ltr'>annos</span> <span class='ocrx_word' id='word_1_11' title='bbox 1556 251 1579 291; x_wconf 93' lang='lat'>7</span> 
     </span>
     <span class='ocr_line' id='line_1_3' title="bbox 205 306 1538 360; baseline -0.002 -12"><span class='ocrx_word' id='word_1_12' title='bbox 205 308 358 348; x_wconf 87' lang='lat' dir='ltr'>circiter</span> <span class='ocrx_word' id='word_1_13' title='bbox 394 308 605 360; x_wconf 82' lang='lat' dir='ltr'>sexaginta.</span> <span class='ocrx_word' id='word_1_14' title='bbox 677 322 771 347; x_wconf 86' lang='lat' dir='ltr'>usus</span> <span class='ocrx_word' id='word_1_15' title='bbox 809 315 868 348; x_wconf 88' lang='lat' dir='ltr'>est</span> <span class='ocrx_word' id='word_1_16' title='bbox 904 306 1043 347; x_wconf 89' lang='lat' dir='ltr'>aetatis</span> <span class='ocrx_word' id='word_1_17' title='bbox 1081 306 1288 346; x_wconf 85' lang='lat' dir='ltr'>vacatione</span> <span class='ocrx_word' id='word_1_18' title='bbox 1326 320 1457 358; x_wconf 87' lang='lat' dir='ltr'>neque</span> <span class='ocrx_word' id='word_1_19' title='bbox 1495 321 1538 346; x_wconf 90' lang='lat' dir='ltr'>se</span> 
     </span>
     <span class='ocr_line' id='line_1_4' title="bbox 205 371 1538 426; baseline -0.002 -13"><span class='ocrx_word' id='word_1_20' title='bbox 205 387 407 426; x_wconf 90' lang='lat' dir='ltr'>quoquam</span> <span class='ocrx_word' id='word_1_21' title='bbox 442 373 565 413; x_wconf 92' lang='lat' dir='ltr'>movit</span> <span class='ocrx_word' id='word_1_22' title='bbox 597 388 645 414; x_wconf 87' lang='lat' dir='ltr'>ex</span> <span class='ocrx_word' id='word_1_23' title='bbox 677 374 785 413; x_wconf 90' lang='lat' dir='ltr'>urbe.</span> <span class='ocrx_word' id='word_1_24' title='bbox 843 387 945 425; x_wconf 87' lang='lat' dir='ltr'>quae</span> <span class='ocrx_word' id='word_1_25' title='bbox 978 372 1114 412; x_wconf 87' lang='lat' dir='ltr'>amicis</span> <span class='ocrx_word' id='word_1_26' title='bbox 1146 371 1226 412; x_wconf 87' lang='lat' dir='ltr'>suis</span> <span class='ocrx_word' id='word_1_27' title='bbox 1255 385 1355 423; x_wconf 91' lang='lat' dir='ltr'>opus</span> <span class='ocrx_word' id='word_1_28' title='bbox 1384 373 1538 411; x_wconf 87' lang='lat' dir='ltr'>fuerant</span> 
     </span>
     <span class='ocr_line' id='line_1_5' title="bbox 204 437 1537 490; baseline -0.002 -12"><span class='ocrx_word' id='word_1_29' title='bbox 204 439 257 478; x_wconf 87' lang='lat' dir='ltr'>ad</span> <span class='ocrx_word' id='word_1_30' title='bbox 286 439 520 490; x_wconf 89' lang='lat' dir='ltr'>Pompeium</span> <span class='ocrx_word' id='word_1_31' title='bbox 555 438 908 490; x_wconf 86' lang='lat' dir='ltr'>proficiscentibus,</span> <span class='ocrx_word' id='word_1_32' title='bbox 939 437 1075 478; x_wconf 89' lang='lat' dir='ltr'>omnia</span> <span class='ocrx_word' id='word_1_33' title='bbox 1103 452 1151 477; x_wconf 84' lang='lat' dir='ltr'>ex</span> <span class='ocrx_word' id='word_1_34' title='bbox 1179 452 1250 477; x_wconf 91' lang='lat' dir='ltr'>sua</span> <span class='ocrx_word' id='word_1_35' title='bbox 1284 451 1326 478; x_wconf 91' lang='lat' dir='ltr'>re</span> <span class='ocrx_word' id='word_1_36' title='bbox 1358 437 1537 477; x_wconf 86' lang='lat' dir='ltr'><strong>familiari</strong></span> 
     </span>
    </p>

    <p class='ocr_par' dir='ltr' id='par_1_3' title="bbox 167 503 1578 818">
     <span class='ocr_line' id='line_1_6' title="bbox 167 503 1574 556; baseline -0.001 -12"><span class='ocrx_word' id='word_1_37' title='bbox 167 515 185 548; x_wconf 86' lang='grc'><strong>5</strong></span> <span class='ocrx_word' id='word_1_38' title='bbox 205 504 326 553; x_wconf 89' lang='lat' dir='ltr'><strong>dedit,</strong></span> <span class='ocrx_word' id='word_1_39' title='bbox 342 505 471 556; x_wconf 90' lang='lat' dir='ltr'>ipsum</span> <span class='ocrx_word' id='word_1_40' title='bbox 489 505 725 556; x_wconf 91' lang='lat' dir='ltr'>Pompeium</span> <span class='ocrx_word' id='word_1_41' title='bbox 739 504 998 545; x_wconf 89' lang='lat' dir='ltr'>coniunctum</span> <span class='ocrx_word' id='word_1_42' title='bbox 1011 517 1092 543; x_wconf 89' lang='lat' dir='ltr'>non</span> <span class='ocrx_word' id='word_1_43' title='bbox 1106 503 1283 544; x_wconf 86' lang='lat' dir='ltr'>offendit.</span> <span class='ocrx_word' id='word_1_44' title='bbox 1319 505 1472 543; x_wconf 91' lang='lat' dir='ltr'>nullum</span> <span class='ocrx_word' id='word_1_45' title='bbox 1485 504 1536 543; x_wconf 91' lang='lat' dir='ltr'>ab</span> <span class='ocrx_word' id='word_1_46' title='bbox 1559 517 1574 539; x_wconf 91' lang='lat'><em>2</em></span> 
     </span>
     <span class='ocr_line' id='line_1_7' title="bbox 205 569 1536 621; baseline -0.001 -12"><span class='ocrx_word' id='word_1_47' title='bbox 205 583 254 609; x_wconf 91' lang='lat' dir='ltr'>eo</span> <span class='ocrx_word' id='word_1_48' title='bbox 274 571 446 610; x_wconf 89' lang='lat' dir='ltr'>habebat</span> <span class='ocrx_word' id='word_1_49' title='bbox 466 578 755 618; x_wconf 86' lang='lat' dir='ltr'>ornamentum,</span> <span class='ocrx_word' id='word_1_50' title='bbox 778 577 820 610; x_wconf 89' lang='lat' dir='ltr'>ut</span> <span class='ocrx_word' id='word_1_51' title='bbox 841 570 970 618; x_wconf 85' lang='lat' dir='ltr'>ceteri,</span> <span class='ocrx_word' id='word_1_52' title='bbox 989 569 1057 621; x_wconf 90' lang='lat' dir='ltr'>qui</span> <span class='ocrx_word' id='word_1_53' title='bbox 1077 583 1147 620; x_wconf 91' lang='lat' dir='ltr'>per</span> <span class='ocrx_word' id='word_1_54' title='bbox 1166 583 1258 609; x_wconf 92' lang='lat' dir='ltr'>eum</span> <span class='ocrx_word' id='word_1_55' title='bbox 1278 577 1346 609; x_wconf 88' lang='lat' dir='ltr'>aut</span> <span class='ocrx_word' id='word_1_56' title='bbox 1365 570 1536 609; x_wconf 86' lang='lat' dir='ltr'>honores</span> 
     </span>
     <span class='ocr_line' id='line_1_8' title="bbox 204 635 1538 687; baseline 0 -13"><span class='ocrx_word' id='word_1_57' title='bbox 204 643 273 674; x_wconf 87' lang='lat' dir='ltr'>aut</span> <span class='ocrx_word' id='word_1_58' title='bbox 292 635 446 675; x_wconf 90' lang='lat' dir='ltr'>divitias</span> <span class='ocrx_word' id='word_1_59' title='bbox 466 644 676 687; x_wconf 87' lang='lat' dir='ltr'><strong>ceperant:</strong></span> <span class='ocrx_word' id='word_1_60' title='bbox 705 649 875 687; x_wconf 90' lang='lat' dir='ltr'>quorum</span> <span class='ocrx_word' id='word_1_61' title='bbox 900 635 1042 687; x_wconf 90' lang='lat' dir='ltr'>partim</span> <span class='ocrx_word' id='word_1_62' title='bbox 1062 635 1285 674; x_wconf 88' lang='lat' dir='ltr'>invitissimi</span> <span class='ocrx_word' id='word_1_63' title='bbox 1301 643 1427 675; x_wconf 90' lang='lat' dir='ltr'>castra</span> <span class='ocrx_word' id='word_1_64' title='bbox 1446 642 1538 675; x_wconf 91' lang='lat' dir='ltr'>sunt</span> 
     </span>
     <span class='ocr_line' id='line_1_9' title="bbox 206 700 1539 752; baseline 0.001 -13"><span class='ocrx_word' id='word_1_65' title='bbox 206 700 344 749; x_wconf 86' lang='lat' dir='ltr'>secuti,</span> <span class='ocrx_word' id='word_1_66' title='bbox 370 701 511 752; x_wconf 90' lang='lat' dir='ltr'>partim</span> <span class='ocrx_word' id='word_1_67' title='bbox 540 715 696 741; x_wconf 88' lang='lat' dir='ltr'>summa</span> <span class='ocrx_word' id='word_1_68' title='bbox 724 715 815 741; x_wconf 90' lang='lat' dir='ltr'>cum</span> <span class='ocrx_word' id='word_1_69' title='bbox 845 700 929 741; x_wconf 92' lang='lat' dir='ltr'>eius</span> <span class='ocrx_word' id='word_1_70' title='bbox 958 700 1177 740; x_wconf 85' lang='lat' dir='ltr'>offensione</span> <span class='ocrx_word' id='word_1_71' title='bbox 1206 700 1317 740; x_wconf 90' lang='lat' dir='ltr'>domi</span> <span class='ocrx_word' id='word_1_72' title='bbox 1345 714 1539 740; x_wconf 89' lang='lat' dir='ltr'>remanse-</span> 
     </span>
     <span class='ocr_line' id='line_1_10' title="bbox 206 765 1578 818; baseline 0 -13"><span class='ocrx_word' id='word_1_73' title='bbox 206 773 306 805; x_wconf 86' lang='lat' dir='ltr'>runt.</span> <span class='ocrx_word' id='word_1_74' title='bbox 365 766 487 806; x_wconf 89' lang='lat' dir='ltr'>Attici</span> <span class='ocrx_word' id='word_1_75' title='bbox 515 774 648 806; x_wconf 88' lang='lat' dir='ltr'>autem</span> <span class='ocrx_word' id='word_1_76' title='bbox 678 766 790 817; x_wconf 91' lang='lat' dir='ltr'>quies</span> <span class='ocrx_word' id='word_1_77' title='bbox 819 773 1023 817; x_wconf 85' lang='lat' dir='ltr'><strong>tantopere</strong></span> <span class='ocrx_word' id='word_1_78' title='bbox 1053 765 1212 807; x_wconf 88' lang='lat' dir='ltr'>Caesari</span> <span class='ocrx_word' id='word_1_79' title='bbox 1241 766 1314 805; x_wconf 82' lang='lat' dir='ltr'>fuit</span> <span class='ocrx_word' id='word_1_80' title='bbox 1346 773 1464 818; x_wconf 87' lang='lat' dir='ltr'>grata,</span> <span class='ocrx_word' id='word_1_81' title='bbox 1496 773 1539 805; x_wconf 91' lang='lat' dir='ltr'>ut</span> <span class='ocrx_word' id='word_1_82' title='bbox 1560 780 1578 811; x_wconf 79' lang='lat'><strong>3</strong></span> 
     </span>
    </p>

    <p class='ocr_par' dir='ltr' id='par_1_4' title="bbox 147 830 1539 1079">
     <span class='ocr_line' id='line_1_11' title="bbox 147 830 1538 883; baseline 0.001 -14"><span class='ocrx_word' id='word_1_83' title='bbox 147 847 187 870; x_wconf 89' lang='lat'>10</span> <span class='ocrx_word' id='word_1_84' title='bbox 205 831 339 879; x_wconf 90' lang='lat' dir='ltr'>victor,</span> <span class='ocrx_word' id='word_1_85' title='bbox 365 845 457 871; x_wconf 90' lang='lat' dir='ltr'>curn</span> <span class='ocrx_word' id='word_1_86' title='bbox 486 832 644 883; x_wconf 89' lang='lat' dir='ltr'>privatis</span> <span class='ocrx_word' id='word_1_87' title='bbox 674 831 862 883; x_wconf 85' lang='lat' dir='ltr'>pecunias</span> <span class='ocrx_word' id='word_1_88' title='bbox 890 844 960 883; x_wconf 92' lang='lat' dir='ltr'>per</span> <span class='ocrx_word' id='word_1_89' title='bbox 987 830 1175 882; x_wconf 88' lang='lat' dir='ltr'>epistulas</span> <span class='ocrx_word' id='word_1_90' title='bbox 1205 830 1423 882; x_wconf 86' lang='lat' dir='ltr'>imperaret,</span> <span class='ocrx_word' id='word_1_91' title='bbox 1446 830 1538 871; x_wconf 90' lang='lat' dir='ltr'>huic</span> 
     </span>
     <span class='ocr_line' id='line_1_12' title="bbox 205 896 1539 944; baseline 0 -8"><span class='ocrx_word' id='word_1_92' title='bbox 205 910 286 936; x_wconf 89' lang='lat' dir='ltr'>non</span> <span class='ocrx_word' id='word_1_93' title='bbox 315 898 444 936; x_wconf 91' lang='lat' dir='ltr'>solum</span> <span class='ocrx_word' id='word_1_94' title='bbox 475 899 663 937; x_wconf 90' lang='lat' dir='ltr'>molestus</span> <span class='ocrx_word' id='word_1_95' title='bbox 693 911 775 937; x_wconf 91' lang='lat' dir='ltr'>non</span> <span class='ocrx_word' id='word_1_96' title='bbox 804 897 928 944; x_wconf 86' lang='lat' dir='ltr'>fuerit,</span> <span class='ocrx_word' id='word_1_97' title='bbox 951 897 1023 936; x_wconf 89' lang='lat' dir='ltr'>sed</span> <span class='ocrx_word' id='word_1_98' title='bbox 1046 896 1165 936; x_wconf 90' lang='lat' dir='ltr'>etiam</span> <span class='ocrx_word' id='word_1_99' title='bbox 1190 896 1333 936; x_wconf 88' lang='lat' dir='ltr'>sororis</span> <span class='ocrx_word' id='word_1_100' title='bbox 1354 896 1479 936; x_wconf 91' lang='lat' dir='ltr'>filium</span> <span class='ocrx_word' id='word_1_101' title='bbox 1500 904 1539 936; x_wconf 92' lang='lat' dir='ltr'>et</span> 
     </span>
     <span class='ocr_line' id='line_1_13' title="bbox 205 961 1538 1014; baseline 0.002 -14"><span class='ocrx_word' id='word_1_102' title='bbox 205 963 255 1012; x_wconf 91' lang='lat' dir='ltr'>Q.</span> <span class='ocrx_word' id='word_1_103' title='bbox 288 962 523 1003; x_wconf 88' lang='lat' dir='ltr'>Ciceronem</span> <span class='ocrx_word' id='word_1_104' title='bbox 553 977 601 1003; x_wconf 89' lang='lat' dir='ltr'>ex</span> <span class='ocrx_word' id='word_1_105' title='bbox 634 962 800 1014; x_wconf 89' lang='lat' dir='ltr'>Pompei</span> <span class='ocrx_word' id='word_1_106' title='bbox 833 961 968 1001; x_wconf 87' lang='lat' dir='ltr'>castris</span> <span class='ocrx_word' id='word_1_107' title='bbox 1002 961 1252 1002; x_wconf 87' lang='lat' dir='ltr'>concesserit.</span> <span class='ocrx_word' id='word_1_108' title='bbox 1323 962 1379 1002; x_wconf 89' lang='lat' dir='ltr'>sic</span> <span class='ocrx_word' id='word_1_109' title='bbox 1407 970 1538 1002; x_wconf 90' lang='lat' dir='ltr'>vetere</span> 
     </span>
     <span class='ocr_line' id='line_1_14' title="bbox 206 1017 985 1079; baseline 0 -13"><span class='ocrx_word' id='word_1_110' title='bbox 206 1026 385 1066; x_wconf 89' lang='lat' dir='ltr'>instituto</span> <span class='ocrx_word' id='word_1_111' title='bbox 404 1027 506 1067; x_wconf 88' lang='lat' dir='ltr'>vitae</span> <span class='ocrx_word' id='word_1_112' title='bbox 526 1028 660 1079; x_wconf 87' lang='lat' dir='ltr'>effugit</span> <span class='ocrx_word' id='word_1_113' title='bbox 680 1041 783 1067; x_wconf 87' lang='lat' dir='ltr'>nova</span> <span class='ocrx_word' id='word_1_114' title='bbox 802 1017 985 1079; x_wconf 88' lang='lat' dir='ltr'>pericula.</span> 
     </span>
    </p>

    <p class='ocr_par' dir='ltr' id='par_1_5' title="bbox 261 1093 1586 1146">
     <span class='ocr_line' id='line_1_15' title="bbox 261 1093 1586 1146; baseline -0.002 -14"><span class='ocrx_word' id='word_1_115' title='bbox 261 1095 450 1133; x_wconf 91' lang='lat' dir='ltr'>Secutum</span> <span class='ocrx_word' id='word_1_116' title='bbox 470 1102 529 1133; x_wconf 91' lang='lat' dir='ltr'>est</span> <span class='ocrx_word' id='word_1_117' title='bbox 549 1093 646 1133; x_wconf 92' lang='lat' dir='ltr'>illud</span> <span class='ocrx_word' id='word_1_118' title='bbox 666 1102 822 1145; x_wconf 89' lang='lat' dir='ltr'>tempus</span> <span class='ocrx_word' id='word_1_119' title='bbox 842 1093 976 1134; x_wconf 93' lang='lat' dir='ltr'>occiso</span> <span class='ocrx_word' id='word_1_120' title='bbox 996 1095 1166 1134; x_wconf 88' lang='lat' dir='ltr'>Caesare</span> <span class='ocrx_word' id='word_1_121' title='bbox 1186 1107 1267 1145; x_wconf 91' lang='lat' dir='ltr'>quo</span> <span class='ocrx_word' id='word_1_122' title='bbox 1290 1107 1352 1134; x_wconf 92' lang='lat' dir='ltr'>res</span> <span class='ocrx_word' id='word_1_123' title='bbox 1378 1094 1539 1146; x_wconf 89' lang='lat' dir='ltr'>publica</span> <span class='ocrx_word' id='word_1_124' title='bbox 1561 1093 1586 1130; x_wconf 90' lang='lat'>8</span> 
     </span>
    </p>

    <p class='ocr_par' dir='ltr' id='par_1_6' title="bbox 151 1159 1576 1472">
     <span class='ocr_line' id='line_1_16' title="bbox 151 1159 1539 1209; baseline 0.001 -11"><span class='ocrx_word' id='word_1_125' title='bbox 151 1170 187 1203; x_wconf 84' lang='lat'>15</span> <span class='ocrx_word' id='word_1_126' title='bbox 208 1171 330 1209; x_wconf 89' lang='lat' dir='ltr'>penes</span> <span class='ocrx_word' id='word_1_127' title='bbox 351 1161 493 1199; x_wconf 91' lang='lat' dir='ltr'>Brutos</span> <span class='ocrx_word' id='word_1_128' title='bbox 512 1159 709 1199; x_wconf 89' lang='lat' dir='ltr'>videretur</span> <span class='ocrx_word' id='word_1_129' title='bbox 727 1173 813 1199; x_wconf 89' lang='lat' dir='ltr'>esse</span> <span class='ocrx_word' id='word_1_130' title='bbox 832 1167 871 1199; x_wconf 93' lang='lat' dir='ltr'>et</span> <span class='ocrx_word' id='word_1_131' title='bbox 891 1159 1074 1200; x_wconf 87' lang='lat' dir='ltr'>Cassium</span> <span class='ocrx_word' id='word_1_132' title='bbox 1097 1173 1144 1199; x_wconf 90' lang='lat' dir='ltr'>ac</span> <span class='ocrx_word' id='word_1_133' title='bbox 1164 1167 1247 1199; x_wconf 88' lang='lat' dir='ltr'>tota</span> <span class='ocrx_word' id='word_1_134' title='bbox 1266 1159 1402 1199; x_wconf 91' lang='lat' dir='ltr'>civitas</span> <span class='ocrx_word' id='word_1_135' title='bbox 1425 1173 1468 1200; x_wconf 92' lang='lat' dir='ltr'>se</span> <span class='ocrx_word' id='word_1_136' title='bbox 1486 1161 1539 1200; x_wconf 88' lang='lat' dir='ltr'>ad</span> 
     </span>
     <span class='ocr_line' id='line_1_17' title="bbox 206 1219 1575 1273; baseline 0.001 -10"><span class='ocrx_word' id='word_1_137' title='bbox 206 1237 275 1263; x_wconf 89' lang='lat' dir='ltr'>eos</span> <span class='ocrx_word' id='word_1_138' title='bbox 301 1225 540 1264; x_wconf 88' lang='lat' dir='ltr'>convertisse</span> <span class='ocrx_word' id='word_1_139' title='bbox 563 1225 769 1265; x_wconf 88' lang='lat' dir='ltr'>videretur.</span> <span class='ocrx_word' id='word_1_140' title='bbox 829 1224 885 1264; x_wconf 92' lang='lat' dir='ltr'>sic</span> <span class='ocrx_word' id='word_1_141' title='bbox 915 1226 971 1264; x_wconf 88' lang='lat' dir='ltr'>M.</span> <span class='ocrx_word' id='word_1_142' title='bbox 996 1226 1120 1264; x_wconf 91' lang='lat' dir='ltr'>Bruto</span> <span class='ocrx_word' id='word_1_143' title='bbox 1144 1219 1248 1264; x_wconf 84' lang='lat' dir='ltr'>usus</span> <span class='ocrx_word' id='word_1_144' title='bbox 1264 1232 1334 1273; x_wconf 89' lang='lat' dir='ltr'>est,</span> <span class='ocrx_word' id='word_1_145' title='bbox 1357 1233 1399 1265; x_wconf 91' lang='lat' dir='ltr'>ut</span> <span class='ocrx_word' id='word_1_146' title='bbox 1428 1227 1537 1265; x_wconf 89' lang='lat' dir='ltr'>nullo</span> <span class='ocrx_word' id='word_1_147' title='bbox 1560 1238 1575 1260; x_wconf 79' lang='lat'>²</span> 
     </span>
     <span class='ocr_line' id='line_1_18' title="bbox 205 1289 1538 1342; baseline 0.002 -14"><span class='ocrx_word' id='word_1_148' title='bbox 205 1289 269 1329; x_wconf 91' lang='lat' dir='ltr'>ille</span> <span class='ocrx_word' id='word_1_149' title='bbox 297 1291 531 1330; x_wconf 90' lang='lat' dir='ltr'>adulescens</span> <span class='ocrx_word' id='word_1_150' title='bbox 559 1290 714 1342; x_wconf 84' lang='lat' dir='ltr'>aequali</span> <span class='ocrx_word' id='word_1_151' title='bbox 743 1290 970 1330; x_wconf 84' lang='lat' dir='ltr'>familiarius</span> <span class='ocrx_word' id='word_1_152' title='bbox 1004 1303 1124 1341; x_wconf 90' lang='lat' dir='ltr'>quam</span> <span class='ocrx_word' id='word_1_153' title='bbox 1158 1291 1236 1329; x_wconf 94' lang='lat' dir='ltr'>hoc</span> <span class='ocrx_word' id='word_1_154' title='bbox 1270 1303 1379 1339; x_wconf 89' lang='lat' dir='ltr'>sene,</span> <span class='ocrx_word' id='word_1_155' title='bbox 1407 1304 1538 1342; x_wconf 91' lang='lat' dir='ltr'>neque</span> 
     </span>
     <span class='ocr_line' id='line_1_19' title="bbox 203 1355 1539 1407; baseline 0.001 -13"><span class='ocrx_word' id='word_1_156' title='bbox 203 1356 332 1394; x_wconf 88' lang='lat' dir='ltr'>solum</span> <span class='ocrx_word' id='word_1_157' title='bbox 362 1369 453 1395; x_wconf 89' lang='lat' dir='ltr'>eum</span> <span class='ocrx_word' id='word_1_158' title='bbox 482 1355 702 1407; x_wconf 89' lang='lat' dir='ltr'>principem</span> <span class='ocrx_word' id='word_1_159' title='bbox 731 1355 885 1396; x_wconf 89' lang='lat' dir='ltr'>consilii</span> <span class='ocrx_word' id='word_1_160' title='bbox 913 1355 1087 1404; x_wconf 87' lang='lat' dir='ltr'>haberet,</span> <span class='ocrx_word' id='word_1_161' title='bbox 1119 1356 1190 1395; x_wconf 89' lang='lat' dir='ltr'>sed</span> <span class='ocrx_word' id='word_1_162' title='bbox 1224 1355 1342 1394; x_wconf 90' lang='lat' dir='ltr'>etiam</span> <span class='ocrx_word' id='word_1_163' title='bbox 1377 1355 1418 1394; x_wconf 89' lang='lat' dir='ltr'>in</span> <span class='ocrx_word' id='word_1_164' title='bbox 1447 1369 1539 1396; x_wconf 84' lang='lat' dir='ltr'>con-</span> 
     </span>
     <span class='ocr_line' id='line_1_20' title="bbox 203 1420 1576 1472; baseline 0.001 -14"><span class='ocrx_word' id='word_1_165' title='bbox 203 1420 320 1460; x_wconf 89' lang='lat' dir='ltr'>victu.</span> <span class='ocrx_word' id='word_1_166' title='bbox 379 1421 643 1472; x_wconf 88' lang='lat' dir='ltr'>excogitatum</span> <span class='ocrx_word' id='word_1_167' title='bbox 664 1428 722 1460; x_wconf 92' lang='lat' dir='ltr'>est</span> <span class='ocrx_word' id='word_1_168' title='bbox 741 1434 764 1460; x_wconf 90' lang='lat' dir='ltr'>a</span> <span class='ocrx_word' id='word_1_169' title='bbox 783 1420 1034 1471; x_wconf 87' lang='lat' dir='ltr'>quibusdam,</span> <span class='ocrx_word' id='word_1_170' title='bbox 1058 1427 1101 1459; x_wconf 91' lang='lat' dir='ltr'>ut</span> <span class='ocrx_word' id='word_1_171' title='bbox 1126 1420 1322 1471; x_wconf 87' lang='lat' dir='ltr'>privatum</span> <span class='ocrx_word' id='word_1_172' title='bbox 1343 1421 1536 1460; x_wconf 88' lang='lat' dir='ltr'>aerarium</span> <span class='ocrx_word' id='word_1_173' title='bbox 1558 1433 1576 1464; x_wconf 87' lang='lat'>3</span> 
     </span>
    </p>

    <p class='ocr_par' dir='ltr' id='par_1_7' title="bbox 147 1485 1575 1800">
     <span class='ocr_line' id='line_1_21' title="bbox 147 1485 1538 1537; baseline 0.001 -12"><span class='ocrx_word' id='word_1_174' title='bbox 147 1495 186 1520; x_wconf 88' lang='lat'>20</span> <span class='ocrx_word' id='word_1_175' title='bbox 204 1486 383 1526; x_wconf 88' lang='lat' dir='ltr'>Caesaris</span> <span class='ocrx_word' id='word_1_176' title='bbox 422 1486 737 1526; x_wconf 88' lang='lat' dir='ltr'>interfectoribus</span> <span class='ocrx_word' id='word_1_177' title='bbox 769 1487 822 1526; x_wconf 91' lang='lat' dir='ltr'>ab</span> <span class='ocrx_word' id='word_1_178' title='bbox 859 1485 1059 1537; x_wconf 89' lang='lat' dir='ltr'>equitibus</span> <span class='ocrx_word' id='word_1_179' title='bbox 1099 1485 1292 1525; x_wconf 84' lang='lat' dir='ltr'>Romanis</span> <span class='ocrx_word' id='word_1_180' title='bbox 1325 1486 1538 1526; x_wconf 88' lang='lat' dir='ltr'>constitue-</span> 
     </span>
     <span class='ocr_line' id='line_1_22' title="bbox 204 1549 1537 1602; baseline 0 -12"><span class='ocrx_word' id='word_1_181' title='bbox 204 1559 318 1591; x_wconf 88' lang='lat' dir='ltr'>retur.</span> <span class='ocrx_word' id='word_1_182' title='bbox 376 1551 418 1592; x_wconf 93' lang='lat' dir='ltr'>id</span> <span class='ocrx_word' id='word_1_183' title='bbox 444 1552 558 1592; x_wconf 88' lang='lat' dir='ltr'>facile</span> <span class='ocrx_word' id='word_1_184' title='bbox 583 1551 684 1602; x_wconf 87' lang='lat' dir='ltr'>effici</span> <span class='ocrx_word' id='word_1_185' title='bbox 711 1564 828 1602; x_wconf 90' lang='lat' dir='ltr'>posse</span> <span class='ocrx_word' id='word_1_186' title='bbox 853 1549 1028 1593; x_wconf 86' lang='lat' dir='ltr'>arbitrati</span> <span class='ocrx_word' id='word_1_187' title='bbox 1054 1558 1158 1598; x_wconf 89' lang='lat' dir='ltr'>sunt,</span> <span class='ocrx_word' id='word_1_188' title='bbox 1181 1550 1211 1589; x_wconf 90' lang='lat' dir='ltr'>si</span> <span class='ocrx_word' id='word_1_189' title='bbox 1236 1550 1433 1602; x_wconf 89' lang='lat' dir='ltr'>principes</span> <span class='ocrx_word' id='word_1_190' title='bbox 1453 1551 1537 1591; x_wconf 85' lang='lat' dir='ltr'>eius</span> 
     </span>
     <span class='ocr_line' id='line_1_23' title="bbox 203 1615 1534 1668; baseline 0.002 -13"><span class='ocrx_word' id='word_1_191' title='bbox 203 1616 351 1656; x_wconf 89' lang='lat' dir='ltr'>ordinis</span> <span class='ocrx_word' id='word_1_192' title='bbox 385 1618 573 1668; x_wconf 89' lang='lat' dir='ltr'>pecunias</span> <span class='ocrx_word' id='word_1_193' title='bbox 607 1616 877 1657; x_wconf 86' lang='lat' dir='ltr'>contulissent.</span> <span class='ocrx_word' id='word_1_194' title='bbox 936 1615 1069 1666; x_wconf 90' lang='lat' dir='ltr'>itaque</span> <span class='ocrx_word' id='word_1_195' title='bbox 1101 1617 1321 1666; x_wconf 85' lang='lat' dir='ltr'>appellatus</span> <span class='ocrx_word' id='word_1_196' title='bbox 1350 1624 1409 1655; x_wconf 91' lang='lat' dir='ltr'>est</span> <span class='ocrx_word' id='word_1_197' title='bbox 1436 1629 1460 1656; x_wconf 84' lang='lat' dir='ltr'>a</span> <span class='ocrx_word' id='word_1_198' title='bbox 1489 1618 1534 1657; x_wconf 90' lang='lat' dir='ltr'>C.</span> 
     </span>
     <span class='ocr_line' id='line_1_24' title="bbox 204 1680 1538 1732; baseline 0.001 -12"><span class='ocrx_word' id='word_1_199' title='bbox 204 1682 354 1731; x_wconf 88' lang='lat' dir='ltr'>Flavio,</span> <span class='ocrx_word' id='word_1_200' title='bbox 384 1683 494 1722; x_wconf 87' lang='lat' dir='ltr'>Bruti</span> <span class='ocrx_word' id='word_1_201' title='bbox 529 1683 719 1731; x_wconf 83' lang='lat' dir='ltr'>familiari,</span> <span class='ocrx_word' id='word_1_202' title='bbox 750 1681 918 1729; x_wconf 89' lang='lat' dir='ltr'>Atticus,</span> <span class='ocrx_word' id='word_1_203' title='bbox 954 1688 996 1720; x_wconf 89' lang='lat' dir='ltr'>ut</span> <span class='ocrx_word' id='word_1_204' title='bbox 1030 1680 1114 1720; x_wconf 89' lang='lat' dir='ltr'>eius</span> <span class='ocrx_word' id='word_1_205' title='bbox 1148 1680 1201 1720; x_wconf 89' lang='lat' dir='ltr'>rei</span> <span class='ocrx_word' id='word_1_206' title='bbox 1236 1680 1418 1732; x_wconf 87' lang='lat' dir='ltr'>princeps</span> <span class='ocrx_word' id='word_1_207' title='bbox 1451 1695 1538 1722; x_wconf 89' lang='lat' dir='ltr'>esse</span> 
     </span>
     <span class='ocr_line' id='line_1_25' title="bbox 203 1746 1575 1800; baseline 0.001 -14"><span class='ocrx_word' id='word_1_208' title='bbox 203 1749 330 1787; x_wconf 89' lang='lat' dir='ltr'>vellet.</span> <span class='ocrx_word' id='word_1_209' title='bbox 389 1757 429 1788; x_wconf 89' lang='lat' dir='ltr'>at</span> <span class='ocrx_word' id='word_1_210' title='bbox 458 1749 533 1797; x_wconf 87' lang='lat' dir='ltr'>ille,</span> <span class='ocrx_word' id='word_1_211' title='bbox 565 1749 632 1800; x_wconf 89' lang='lat' dir='ltr'>qui</span> <span class='ocrx_word' id='word_1_212' title='bbox 663 1749 791 1788; x_wconf 83' lang='lat' dir='ltr'>officia</span> <span class='ocrx_word' id='word_1_213' title='bbox 821 1747 958 1787; x_wconf 89' lang='lat' dir='ltr'>amicis</span> <span class='ocrx_word' id='word_1_214' title='bbox 987 1748 1223 1798; x_wconf 88' lang='lat' dir='ltr'>praestanda</span> <span class='ocrx_word' id='word_1_215' title='bbox 1251 1746 1336 1786; x_wconf 87' lang='lat' dir='ltr'>sine</span> <span class='ocrx_word' id='word_1_216' title='bbox 1365 1747 1537 1787; x_wconf 87' lang='lat' dir='ltr'>factione</span> <span class='ocrx_word' id='word_1_217' title='bbox 1556 1763 1575 1793; x_wconf 87' lang='lat'>4</span> 
     </span>
    </p>

    <p class='ocr_par' dir='ltr' id='par_1_8' title="bbox 146 1812 1572 2125">
     <span class='ocr_line' id='line_1_26' title="bbox 146 1812 1534 1866; baseline 0.001 -15"><span class='ocrx_word' id='word_1_218' title='bbox 146 1829 184 1861; x_wconf 80' lang='lat'>25</span> <span class='ocrx_word' id='word_1_219' title='bbox 204 1813 442 1854; x_wconf 87' lang='lat' dir='ltr'>existimaret</span> <span class='ocrx_word' id='word_1_220' title='bbox 480 1828 715 1866; x_wconf 88' lang='lat' dir='ltr'>semperque</span> <span class='ocrx_word' id='word_1_221' title='bbox 753 1828 777 1853; x_wconf 88' lang='lat' dir='ltr'>a</span> <span class='ocrx_word' id='word_1_222' title='bbox 814 1813 958 1853; x_wconf 85' lang='lat' dir='ltr'>talibus</span> <span class='ocrx_word' id='word_1_223' title='bbox 1002 1826 1044 1852; x_wconf 89' lang='lat' dir='ltr'>se</span> <span class='ocrx_word' id='word_1_224' title='bbox 1082 1812 1256 1851; x_wconf 89' lang='lat' dir='ltr'>consiliis</span> <span class='ocrx_word' id='word_1_225' title='bbox 1294 1812 1534 1861; x_wconf 91' lang='lat' dir='ltr'>removisset,</span> 
     </span>
     <span class='ocr_line' id='line_1_27' title="bbox 205 1877 1533 1931; baseline 0.001 -14"><span class='ocrx_word' id='word_1_226' title='bbox 205 1879 431 1930; x_wconf 89' lang='lat' dir='ltr'>respondit:</span> <span class='ocrx_word' id='word_1_227' title='bbox 462 1880 494 1918; x_wconf 90' lang='lat' dir='ltr'>si</span> <span class='ocrx_word' id='word_1_228' title='bbox 514 1880 611 1931; x_wconf 92' lang='lat' dir='ltr'>quid</span> <span class='ocrx_word' id='word_1_229' title='bbox 639 1882 783 1919; x_wconf 90' lang='lat' dir='ltr'>Brutus</span> <span class='ocrx_word' id='word_1_230' title='bbox 803 1880 854 1918; x_wconf 91' lang='lat' dir='ltr'>de</span> <span class='ocrx_word' id='word_1_231' title='bbox 874 1878 954 1918; x_wconf 86' lang='lat' dir='ltr'>suis</span> <span class='ocrx_word' id='word_1_232' title='bbox 980 1877 1232 1917; x_wconf 87' lang='lat' dir='ltr'>facultatibus</span> <span class='ocrx_word' id='word_1_233' title='bbox 1259 1878 1316 1916; x_wconf 91' lang='lat' dir='ltr'>uti</span> <span class='ocrx_word' id='word_1_234' title='bbox 1336 1877 1533 1926; x_wconf 90' lang='lat' dir='ltr'>voluisset,</span> 
     </span>
     <span class='ocr_line' id='line_1_28' title="bbox 205 1943 1534 1996; baseline 0 -14"><span class='ocrx_word' id='word_1_235' title='bbox 205 1957 377 1991; x_wconf 86' lang='lat' dir='ltr'>usurum,</span> <span class='ocrx_word' id='word_1_236' title='bbox 400 1952 592 1996; x_wconf 84' lang='lat' dir='ltr'>quantum</span> <span class='ocrx_word' id='word_1_237' title='bbox 617 1958 687 1984; x_wconf 89' lang='lat' dir='ltr'>eae</span> <span class='ocrx_word' id='word_1_238' title='bbox 716 1951 951 1995; x_wconf 84' lang='lat' dir='ltr'>paterentur,</span> <span class='ocrx_word' id='word_1_239' title='bbox 974 1943 1045 1982; x_wconf 88' lang='lat' dir='ltr'>sed</span> <span class='ocrx_word' id='word_1_240' title='bbox 1070 1956 1201 1994; x_wconf 90' lang='lat' dir='ltr'>neque</span> <span class='ocrx_word' id='word_1_241' title='bbox 1221 1956 1311 1982; x_wconf 91' lang='lat' dir='ltr'>cum</span> <span class='ocrx_word' id='word_1_242' title='bbox 1333 1955 1534 1994; x_wconf 88' lang='lat' dir='ltr'>quoquam</span> 
     </span>
     <span class='ocr_line' id='line_1_29' title="bbox 204 2007 1536 2059; baseline 0 -12"><span class='ocrx_word' id='word_1_243' title='bbox 204 2009 255 2047; x_wconf 90' lang='lat' dir='ltr'>de</span> <span class='ocrx_word' id='word_1_244' title='bbox 285 2023 331 2048; x_wconf 90' lang='lat' dir='ltr'>ea</span> <span class='ocrx_word' id='word_1_245' title='bbox 361 2023 401 2049; x_wconf 88' lang='lat' dir='ltr'>re</span> <span class='ocrx_word' id='word_1_246' title='bbox 430 2011 719 2049; x_wconf 87' lang='lat' dir='ltr'>collocuturum</span> <span class='ocrx_word' id='word_1_247' title='bbox 754 2021 884 2059; x_wconf 89' lang='lat' dir='ltr'>neque</span> <span class='ocrx_word' id='word_1_248' title='bbox 917 2007 1124 2047; x_wconf 90' lang='lat' dir='ltr'>coiturum.</span> <span class='ocrx_word' id='word_1_249' title='bbox 1184 2007 1240 2047; x_wconf 90' lang='lat' dir='ltr'>sic</span> <span class='ocrx_word' id='word_1_250' title='bbox 1273 2007 1338 2048; x_wconf 92' lang='lat' dir='ltr'>ille</span> <span class='ocrx_word' id='word_1_251' title='bbox 1371 2021 1536 2048; x_wconf 88' lang='lat' dir='ltr'>consen-</span> 
     </span>
     <span class='ocr_line' id='line_1_30' title="bbox 205 2071 1572 2125; baseline 0.001 -14"><span class='ocrx_word' id='word_1_252' title='bbox 205 2073 327 2112; x_wconf 84' lang='lat' dir='ltr'>sionis</span> <span class='ocrx_word' id='word_1_253' title='bbox 346 2074 488 2125; x_wconf 86' lang='lat' dir='ltr'>globus</span> <span class='ocrx_word' id='word_1_254' title='bbox 514 2074 631 2114; x_wconf 89' lang='lat' dir='ltr'>huius</span> <span class='ocrx_word' id='word_1_255' title='bbox 655 2074 771 2113; x_wconf 89' lang='lat' dir='ltr'>unius</span> <span class='ocrx_word' id='word_1_256' title='bbox 797 2072 1045 2112; x_wconf 90' lang='lat' dir='ltr'>dissensione</span> <span class='ocrx_word' id='word_1_257' title='bbox 1068 2071 1256 2112; x_wconf 87' lang='lat' dir='ltr'>disiectus</span> <span class='ocrx_word' id='word_1_258' title='bbox 1276 2080 1345 2112; x_wconf 91' lang='lat' dir='ltr'>est.</span> <span class='ocrx_word' id='word_1_259' title='bbox 1405 2086 1535 2123; x_wconf 88' lang='lat' dir='ltr'>neque</span> <span class='ocrx_word' id='word_1_260' title='bbox 1555 2089 1572 2119; x_wconf 87' lang='lat'>5</span> 
     </span>
    </p>

    <p class='ocr_par' dir='ltr' id='par_1_9' title="bbox 145 2137 1575 2262">
     <span class='ocr_line' id='line_1_31' title="bbox 145 2137 1534 2191; baseline 0.001 -17"><span class='ocrx_word' id='word_1_261' title='bbox 145 2152 187 2183; x_wconf 83' lang='lat'>30</span> <span class='ocrx_word' id='word_1_262' title='bbox 206 2140 331 2178; x_wconf 88' lang='lat' dir='ltr'>multo</span> <span class='ocrx_word' id='word_1_263' title='bbox 358 2148 446 2190; x_wconf 90' lang='lat' dir='ltr'>post</span> <span class='ocrx_word' id='word_1_264' title='bbox 474 2139 650 2191; x_wconf 89' lang='lat' dir='ltr'>superior</span> <span class='ocrx_word' id='word_1_265' title='bbox 675 2152 761 2178; x_wconf 91' lang='lat' dir='ltr'>esse</span> <span class='ocrx_word' id='word_1_266' title='bbox 784 2138 915 2188; x_wconf 90' lang='lat' dir='ltr'>coepit</span> <span class='ocrx_word' id='word_1_267' title='bbox 939 2137 1149 2185; x_wconf 88' lang='lat' dir='ltr'>Antonius,</span> <span class='ocrx_word' id='word_1_268' title='bbox 1176 2137 1229 2176; x_wconf 92' lang='lat' dir='ltr'>ita</span> <span class='ocrx_word' id='word_1_269' title='bbox 1255 2145 1298 2176; x_wconf 91' lang='lat' dir='ltr'>ut</span> <span class='ocrx_word' id='word_1_270' title='bbox 1326 2139 1470 2176; x_wconf 91' lang='lat' dir='ltr'>Brutus</span> <span class='ocrx_word' id='word_1_271' title='bbox 1494 2146 1534 2176; x_wconf 82' lang='lat' dir='ltr'>et</span> 
     </span>
     <span class='ocr_line' id='line_1_32' title="bbox 206 2201 1575 2262; baseline -0.001 -20"><span class='ocrx_word' id='word_1_272' title='bbox 206 2203 365 2243; x_wconf 87' lang='lat' dir='ltr'>Cassius</span> <span class='ocrx_word' id='word_1_273' title='bbox 395 2204 582 2245; x_wconf 84' lang='lat' dir='ltr'>destituta</span> <span class='ocrx_word' id='word_1_274' title='bbox 611 2205 732 2243; x_wconf 86' lang='lat' dir='ltr'>tutela</span> <span class='ocrx_word' id='word_1_275' title='bbox 762 2202 1061 2254; x_wconf 84' lang='lat' dir='ltr'>provinciarum,</span> <span class='ocrx_word' id='word_1_276' title='bbox 1089 2215 1190 2252; x_wconf 86' lang='lat' dir='ltr'>quae</span> <span class='ocrx_word' id='word_1_277' title='bbox 1220 2201 1265 2240; x_wconf 87' lang='lat' dir='ltr'>iis</span> <span class='ocrx_word' id='word_1_278' title='bbox 1292 2201 1390 2240; x_wconf 91' lang='lat' dir='ltr'>dicis</span> <span class='ocrx_word' id='word_1_279' title='bbox 1416 2215 1545 2262; x_wconf 31' lang='lat' dir='ltr'>causat,</span> <span class='ocrx_word' id='word_1_280' title='bbox 1568 2228 1575 2234; x_wconf 55' lang='grc' dir='ltr'><em>ι</em></span> 
     </span>
    </p>
   </div>
   <div class='ocr_carea' id='block_1_3' title="bbox 205 2303 1534 2435">
    <p class='ocr_par' dir='ltr' id='par_1_10' title="bbox 205 2303 1534 2435">
     <span class='ocr_line' id='line_1_33' title="bbox 250 2303 1532 2348; baseline 0 -11"><span class='ocrx_word' id='word_1_281' title='bbox 250 2317 287 2346; x_wconf 81' lang='lat'>14</span> <span class='ocrx_word' id='word_1_282' title='bbox 312 2307 392 2339; x_wconf 88' lang='lat' dir='ltr'>illud</span> <span class='ocrx_word' id='word_1_283' title='bbox 410 2313 545 2348; x_wconf 85' lang='lat' dir='ltr'>tempus</span> <span class='ocrx_word' id='word_1_284' title='bbox 561 2307 626 2339; x_wconf 88' lang='lat' dir='ltr'>cod.</span> <span class='ocrx_word' id='word_1_285' title='bbox 644 2307 736 2339; x_wconf 89' lang='lat' dir='ltr'>Mon.</span> <span class='ocrx_word' id='word_1_286' title='bbox 749 2316 814 2346; x_wconf 75' lang='lat'>⁴33</span> <span class='ocrx_word' id='word_1_287' title='bbox 829 2318 836 2337; x_wconf 73' lang='grc' dir='ltr'>ε</span> <span class='ocrx_word' id='word_1_288' title='bbox 861 2305 942 2337; x_wconf 90' lang='lat' dir='ltr'>illud</span> <span class='ocrx_word' id='word_1_289' title='bbox 958 2304 1102 2335; x_wconf 85' lang='lat' dir='ltr'><em>ABHR</em></span> <span class='ocrx_word' id='word_1_290' title='bbox 1226 2303 1308 2345; x_wconf 89' lang='lat' dir='ltr'>quo]</span> <span class='ocrx_word' id='word_1_291' title='bbox 1325 2305 1461 2345; x_wconf 87' lang='lat' dir='ltr'>quando</span> <span class='ocrx_word' id='word_1_292' title='bbox 1479 2305 1532 2337; x_wconf 87' lang='lat' dir='ltr'>R:</span> 
     </span>
     <span class='ocr_line' id='line_1_34' title="bbox 205 2348 1531 2390; baseline -0.002 -9"><span class='ocrx_word' id='word_1_293' title='bbox 205 2360 305 2389; x_wconf 88' lang='lat' dir='ltr'>quom</span> <span class='ocrx_word' id='word_1_294' title='bbox 324 2351 424 2384; x_wconf 84' lang='lat' dir='ltr'><em>Fleck.</em></span> <span class='ocrx_word' id='word_1_295' title='bbox 593 2352 631 2382; x_wconf 86' lang='lat'>16</span> <span class='ocrx_word' id='word_1_296' title='bbox 653 2361 713 2382; x_wconf 86' lang='lat' dir='ltr'>eos</span> <span class='ocrx_word' id='word_1_297' title='bbox 741 2350 828 2390; x_wconf 64' lang='lat' dir='ltr'>Gis:</span> <span class='ocrx_word' id='word_1_298' title='bbox 853 2359 930 2380; x_wconf 88' lang='lat' dir='ltr'>eum</span> <span class='ocrx_word' id='word_1_299' title='bbox 960 2348 1022 2380; x_wconf 74' lang='lat' dir='ltr'>rell.</span> <span class='ocrx_word' id='word_1_300' title='bbox 1189 2348 1364 2380; x_wconf 84' lang='lat' dir='ltr'>uideretur</span> <span class='ocrx_word' id='word_1_301' title='bbox 1388 2359 1455 2380; x_wconf 88' lang='lat' dir='ltr'>om.</span> <span class='ocrx_word' id='word_1_302' title='bbox 1483 2349 1531 2390; x_wconf 90' lang='lat' dir='ltr'>H,</span> 
     </span>
     <span class='ocr_line' id='line_1_35' title="bbox 205 2391 1534 2435; baseline 0.001 -12"><span class='ocrx_word' id='word_1_303' title='bbox 205 2393 318 2426; x_wconf 74' lang='lat' dir='ltr'>inclus.</span> <span class='ocrx_word' id='word_1_304' title='bbox 332 2394 440 2425; x_wconf 84' lang='lat' dir='ltr'>Halm</span> <span class='ocrx_word' id='word_1_305' title='bbox 558 2405 596 2425; x_wconf 82' lang='lat'>21</span> <span class='ocrx_word' id='word_1_306' title='bbox 623 2395 651 2425; x_wconf 85' lang='lat' dir='ltr'>si</span> <span class='ocrx_word' id='word_1_307' title='bbox 668 2395 766 2435; x_wconf 71' lang='lat' dir='ltr'>Nipp.</span> <span class='ocrx_word' id='word_1_308' title='bbox 784 2406 789 2425; x_wconf 91' lang='lat'><strong>:</strong></span> <span class='ocrx_word' id='word_1_309' title='bbox 814 2394 842 2425; x_wconf 84' lang='lat' dir='ltr'>si</span> <span class='ocrx_word' id='word_1_310' title='bbox 860 2397 891 2423; x_wconf 86' lang='lat' dir='ltr'>ct</span> <span class='ocrx_word' id='word_1_311' title='bbox 902 2391 991 2423; x_wconf 86' lang='lat' dir='ltr'>codd.</span> <span class='ocrx_word' id='word_1_312' title='bbox 1110 2402 1148 2431; x_wconf 89' lang='lat'>31</span> <span class='ocrx_word' id='word_1_313' title='bbox 1176 2392 1339 2423; x_wconf 85' lang='lat' dir='ltr'>destituta</span> <span class='ocrx_word' id='word_1_314' title='bbox 1354 2391 1459 2423; x_wconf 86' lang='lat' dir='ltr'>tutela</span> <span class='ocrx_word' id='word_1_315' title='bbox 1472 2391 1510 2423; x_wconf 93' lang='lat' dir='ltr'><em>H</em></span> <span class='ocrx_word' id='word_1_316' title='bbox 1526 2405 1534 2424; x_wconf 75' lang='lat' dir='ltr'><em>z</em></span> 
     </span>
    </p>
   </div>
   <div class='ocr_carea' id='block_1_4' title="bbox 206 2434 1389 2471">
    <p class='ocr_par' dir='ltr' id='par_1_11' title="bbox 206 2434 1389 2471">
     <span class='ocr_line' id='line_1_36' title="bbox 206 2434 1389 2471; baseline 0.001 -4"><span class='ocrx_word' id='word_1_317' title='bbox 206 2447 273 2468; x_wconf 87' lang='lat' dir='ltr'>om.</span> <span class='ocrx_word' id='word_1_318' title='bbox 293 2437 357 2470; x_wconf 84' lang='lat' dir='ltr'>rell.</span> <span class='ocrx_word' id='word_1_319' title='bbox 377 2449 383 2468; x_wconf 92' lang='lat'>:</span> <span class='ocrx_word' id='word_1_320' title='bbox 406 2439 528 2471; x_wconf 86' lang='lat' dir='ltr'>omissa</span> <span class='ocrx_word' id='word_1_321' title='bbox 545 2448 623 2470; x_wconf 89' lang='lat' dir='ltr'>cura</span> <span class='ocrx_word' id='word_1_322' title='bbox 639 2437 747 2469; x_wconf 82' lang='lat' dir='ltr'>Halm</span> <span class='ocrx_word' id='word_1_323' title='bbox 892 2436 975 2468; x_wconf 82' lang='lat' dir='ltr'>dicis</span> <span class='ocrx_word' id='word_1_324' title='bbox 994 2434 1168 2466; x_wconf 73' lang='lat' dir='ltr'>Gut&#39;acius:</span> <span class='ocrx_word' id='word_1_325' title='bbox 1193 2434 1285 2467; x_wconf 85' lang='lat' dir='ltr'>necis</span> <span class='ocrx_word' id='word_1_326' title='bbox 1300 2434 1389 2468; x_wconf 83' lang='lat' dir='ltr'>codd.</span> 
     </span>
    </p>
   </div>
  </div>
 </body>
</html>
