1746 2740
134 115 230 154 VII.
250 115 299 153 iv
613 115 867 180 CORNELI
906 114 1147 156 NEPOTIS

219 241 297 278 que
335 241 425 279 erga
456 227 622 276 nobiles,
661 227 912 267 utilissimum
944 223 1049 266 ratus
1078 227 1376 278 impendentem
1404 225 1549 266 evitare

220 299 506 344 tempestatem,
535 295 636 333 clam
666 307 708 332 se
736 293 788 333 ab
817 292 1049 332 custodibus
1078 292 1266 337 subduxit
1293 299 1332 332 et
1357 291 1452 331 inde
1476 291 1550 343 pri-

181 373 199 405 5
221 371 330 397 mum
369 358 537 406 Elidem,
578 358 671 398 dein
709 358 872 398 Thebas
909 357 1027 398 venit.
1086 365 1298 409 postquam
1335 364 1470 396 autem
1506 370 1550 396 se

220 423 358 474 capitis
381 425 614 463 damnatum
642 423 758 463 bonis
783 423 994 474 publicatis
1017 422 1178 470 audivit,
1200 431 1250 471 et,
1272 422 1313 461 id
1339 422 1450 473 quod
1475 435 1548 460 usu

219 496 389 537 venerat,
426 489 687 540 Eumolpidas
725 490 950 528 sacerdotes
987 503 1011 528 a
1048 489 1198 540 populo
1236 495 1396 527 coactos
1426 494 1469 526 ut
1506 500 1548 526 se
1567 501 1588 535 5

220 554 470 602 devoverent,
491 553 655 605 eiusque
675 553 898 594 devotionis
924 567 1005 605 quo
1025 553 1201 593 testatior
1219 561 1322 592 esset
1346 551 1547 599 memoria,

220 620 444 670 exemplum
473 618 513 657 in
543 618 622 670 pila
647 619 803 670 lapidea
822 618 991 658 incisum
1011 632 1098 658 esse
1121 617 1294 670 positum
1314 617 1355 656 in
1374 616 1546 668 publico,

180 688 200 720 6
221 685 567 724 Lacedaemonem
595 683 838 735 demigravit.
908 683 974 732 ibi,
1005 691 1049 723 ut
1082 683 1166 734 ipse
1199 682 1425 734 praedicare
1457 695 1550 721 con-

220 756 362 798 suerat,
395 763 478 789 non
514 750 702 789 adversus
738 748 918 800 patriam,
951 751 1022 789 sed
1060 748 1241 788 inimicos
1274 761 1366 787 suos
1399 747 1547 787 bellum

218 814 348 864 gessit,
371 816 480 866 quod
506 814 637 855 eidem
665 816 799 854 hostes
819 822 949 854 essent
969 814 1140 853 civitati:
1170 827 1261 852 nam
1283 827 1374 852 cum
1400 812 1548 852 intelle-
1570 829 1610 852 ιο

218 887 354 930 gerent
391 893 433 919 se
472 879 685 931 plurimum
723 881 917 930 prodesse
950 893 1067 931 posse
1104 879 1159 919 rei
1192 878 1386 930 publicae,
1421 892 1468 917 ex
1501 891 1548 917 ea

205 943 380 984 ‘eiecisse
406 946 575 996 plusque
594 944 673 984 irae
693 958 787 984 suae
806 958 926 995 quam
950 944 1107 984 utilitati
1130 942 1334 983 communi
1359 942 1544 994 paruisse.

181 1022 198 1057 7
219 1008 351 1060 itaque
379 1009 496 1050 huius
525 1009 691 1049 consilio
712 1009 1019 1049 Lacedaemonii
1042 1023 1134 1049 cum
1162 1011 1279 1048 Perse
1302 1021 1392 1059 rege
1416 1007 1548 1047 amici-

219 1074 312 1113 tiam
343 1076 531 1123 fecerunt,
561 1075 655 1115 dein
686 1076 900 1115 Deceleam
929 1075 970 1113 in
991 1074 1124 1114 Attica
1153 1074 1379 1113 munierunt
1407 1072 1548 1124 praesi-

218 1139 365 1191 dioque
385 1139 440 1179 ibi
459 1148 651 1192 perpetuo
676 1140 808 1192 posito
828 1139 869 1179 in
892 1140 1102 1180 obsidione
1122 1141 1300 1179 Athenas
1325 1145 1545 1178 tenuerunt.
1570 1153 1608 1185 15

217 1204 396 1245 eiusdem
416 1219 537 1257 opera
561 1204 717 1245 Ioniam
737 1219 760 1245 a
779 1205 967 1245 societate
986 1213 1210 1245 averterunt
1231 1203 1545 1244 Atheniensium.

219 1284 299 1321 quo
319 1272 425 1311 facto
445 1272 572 1310 multo
591 1270 810 1322 superiores
831 1272 936 1311 bello
956 1285 1042 1311 esse
1062 1278 1287 1322 coeperunt.

173 1343 199 1383 5
272 1337 415 1386 Neque
447 1350 539 1376 vero
578 1336 638 1375 his
677 1337 793 1376 rebus
831 1344 912 1375 tam
946 1336 1062 1375 amici
1097 1335 1296 1376 Alcibiadi
1329 1343 1421 1374 sunt
1454 1333 1547 1374 facti

218 1414 338 1451 quam
367 1400 507 1440 timore
532 1401 584 1440 ab
604 1414 653 1440 eo
675 1401 843 1440 alienati.
902 1414 994 1440 nam
1023 1415 1114 1440 cum
1143 1401 1321 1440 acerrimi
1340 1401 1411 1439 viri
1439 1413 1546 1451 prae-

217 1474 387 1505 stantem
415 1466 665 1517 prudentiam
692 1466 732 1505 in
756 1466 942 1506 omnibus
967 1467 1084 1506 rebus
1111 1474 1405 1517 cognoscerent,
1432 1464 1546 1516 perti-
1564 1480 1608 1503 20

218 1539 400 1571 muerunt
430 1545 480 1571 ne
509 1531 669 1570 caritate
697 1531 844 1582 patriae
873 1532 1016 1570 ductus
1043 1531 1259 1582 aliquando
1284 1532 1336 1570 ab
1363 1530 1457 1582 ipsis
1480 1531 1544 1569 de-

218 1596 399 1636 scisceret
425 1604 464 1636 et
483 1610 574 1636 cum
595 1596 674 1635 suis
695 1596 735 1635 in
754 1596 916 1647 gratiam
937 1596 1090 1636 rediret.
1131 1596 1264 1648 itaque
1285 1604 1441 1646 tempus
1460 1594 1544 1634 eius

179 1678 195 1700 2
218 1661 482 1702 interficiundi
516 1674 702 1713 quaerere
730 1661 992 1702 instituerunt.
1065 1662 1106 1702 id
1135 1662 1363 1702 Alcibiades
1397 1659 1544 1700 diutius

217 1727 333 1767 celari
362 1741 443 1767 non
472 1727 623 1778 potuit:
657 1735 739 1767 erat
768 1727 873 1767 enim
903 1741 950 1767 ea
979 1728 1199 1780 sagacitate,
1231 1736 1274 1767 ut
1302 1726 1432 1778 decipi
1461 1738 1542 1764 non

216 1800 359 1843 posset,
386 1792 611 1843 praesertim
640 1806 731 1832 cum
760 1792 937 1832 animum
966 1793 1199 1833 attendisset
1227 1794 1279 1832 ad
1307 1791 1540 1832 cavendum.
1563 1802 1603 1835 ²5

215 1857 347 1908 itaque
366 1859 417 1897 ad
439 1857 756 1908 Tissaphernem,
776 1860 1017 1909 praefectum
1038 1859 1138 1910 regis
1160 1858 1279 1905 Darii,
1302 1871 1344 1897 se
1363 1855 1541 1896 contulit.

178 1935 196 1966 3
214 1922 326 1961 cuius
355 1936 445 1961 cum
475 1923 515 1961 in
544 1922 723 1963 intimam
754 1923 967 1963 amicitiam
997 1915 1237 1975 pervenisset
1265 1931 1304 1962 et
1330 1921 1543 1961 Athenien-

214 1987 315 2026 sium
355 1989 456 2027 male
488 1988 605 2038 gestis
642 1989 681 2028 in
718 1989 850 2028 Sicilia
884 1990 1000 2028 rebus
1031 2002 1127 2039 opes
1161 2002 1376 2035 senescere,
1406 1994 1543 2025 contra

215 2053 620 2093 Lacedaemoniorum
661 2068 834 2094 crescere
871 2055 1030 2102 videret,
1071 2053 1182 2093 initio
1219 2066 1310 2092 cum
1350 2052 1541 2091 Pisandro

214 2125 400 2168 praetore,
432 2118 500 2169 qui
529 2120 636 2170 apud
677 2122 839 2159 Samum
873 2118 1085 2158 exercitum
1114 2118 1298 2165 habebat,
1330 2130 1399 2168 per
1426 2115 1540 2155 inter·
1560 2125 1601 2157 30

257 2232 276 2261 3
300 2223 422 2254 deinde
441 2223 512 2256 dett.
663 2222 683 2245 0
701 2234 719 2262 4
744 2223 834 2263 qnod
856 2233 1034 2262 numquam
1057 2227 1158 2253 antea
1173 2231 1235 2252 usu
1254 2219 1348 2252 Cobet
1519 2229 1539 2258 5

215 2265 432 2306 Eumolpidas
452 2277 492 2297 u:
520 2266 724 2308 Olympidas
745 2267 832 2305 (dm-
849 2266 900 2306 A)
917 2265 1141 2296 Dan.ABP:
1168 2264 1389 2304 Olympiadas
1402 2265 1473 2302 (-ae
1483 2262 1538 2296 M)

214 2306 287 2338 MR
301 2314 330 2340 et
349 2311 395 2340 sic
406 2310 495 2350 infra
629 2320 668 2341 10
691 2310 798 2351 quod]
815 2310 872 2350 qui
889 2308 923 2339 P
1050 2318 1092 2347 23
1115 2307 1310 2339 Alcibiades
1325 2307 1464 2339 Gesner:
1491 2306 1537 2336 -di

213 2351 300 2386 codd,
