1746 2740
741 126 982 195 ATTicvs
1420 158 1547 196 xxv.
1565 132 1613 196 ix'

195 279 276 306 non
310 267 500 315 fortunae,
536 267 607 307 sed
640 265 870 307 hominibus
904 267 1029 306 solere
1061 279 1148 306 esse
1176 265 1365 306 amicum.
1424 278 1526 316 quae
1546 271 1566 304 6

194 345 285 371 cum
324 332 503 380 faciebat,
539 345 660 372 nemo
697 345 789 372 eum
827 331 1015 383 temporis
1052 345 1172 371 causa
1208 333 1337 371 facere
1374 338 1527 382 poterat

194 396 438 437 existimare:
467 397 616 436 nemini
643 396 750 436 enim
779 397 819 436 in
848 396 1079 448 opinionem
1100 396 1284 436 veniebat
1304 395 1526 435 Antonium

194 475 322 501 rerum
352 461 579 513 potiturum.
639 463 709 502 sed
738 461 886 501 sensim
919 461 952 501 is
979 475 1004 500 a
1032 461 1234 501 nonnullis
1267 461 1525 512 optimatibus
1547 474 1564 510 7

155 543 173 576 5
194 527 565 579 reprehendebatur,
588 528 698 579 quod
724 540 863 578 parum
883 526 1015 567 odisse
1039 528 1165 566 malos
1191 526 1296 567 cives
1316 526 1524 566 videretur.

194 592 258 632 ille
277 600 422 640 autem,
444 592 504 631 sui
531 591 677 641 iudicii,
699 591 832 643 potius
853 591 950 643 quid
962 605 1012 632 se
1031 593 1159 632 facere
1184 605 1254 644 par
1274 598 1377 632 esset
1403 591 1527 631 intue-

194 658 308 697 batur
327 671 446 709 quam
467 657 564 708 quid
584 657 649 696 alii
669 657 863 697 laudaturi
883 659 1022 698 forent.

248 725 450 764 Conversa
477 722 610 762 subito
639 724 795 763 fortuna
823 731 895 763 est.
952 730 995 762 ut
1014 722 1215 763 Antonius
1244 722 1359 763 rediit
1383 722 1424 762 in
1451 724 1526 762 Ita·
1545 733 1592 762 10

194 789 296 837 liam,
320 802 439 828 nemo
459 802 541 828 non
561 802 706 840 magno
726 788 767 828 in
793 788 970 840 periculo
989 788 1168 828 Atticum
1188 797 1344 841 putarat
1368 795 1527 840 propter

135 869 175 892 10
194 855 373 894 intimam
402 854 704 894 familiaritatem
734 854 940 895 Ciceronis
968 862 1008 894 et
1038 854 1162 894 Bruti.
1218 855 1352 907 itaque
1380 856 1432 895 ad
1460 856 1526 895 ad·
1547 871 1562 893 2

193 928 354 960 ventum
376 920 656 971 imperatorum
677 921 728 975 de
748 922 834 960 foro
853 921 1088 969 decesserat,
1110 920 1254 960 timens
1278 920 1527 972 proscriptio-

194 1001 295 1034 nem,
326 987 552 1038 latebatque
579 988 687 1038 apud
718 989 759 1026 P.
791 987 1065 1035 Volumnium,
1090 986 1166 1035 cui,
1193 995 1235 1027 ut
1264 987 1526 1035 ostendimus,

193 1052 311 1103 paulo
338 1060 431 1091 ante
460 1064 578 1102 opem
608 1053 748 1091 tulerat
769 1051 896 1103 (tanta
919 1052 1084 1092 varietas
1110 1052 1156 1091 iis
1181 1052 1427 1103 temporibus
1454 1052 1526 1092 fuit

193 1117 383 1164 fortunae,
401 1123 443 1155 ut
465 1117 587 1155 modo
607 1116 659 1164 hi,
677 1117 799 1156 modo
819 1116 873 1155 illi
894 1116 935 1155 in
955 1130 1114 1156 summo
1133 1125 1264 1157 essent
1283 1125 1352 1157 aut
1371 1117 1526 1169 fastigio

137 1194 174 1227 ¹5
193 1189 260 1221 aut
280 1181 486 1233 periculo),
502 1181 755 1233 habebatque
775 1195 910 1222 secum
932 1183 982 1233 Q.
1002 1182 1175 1222 Gellium
1193 1184 1362 1231 Canum,
1384 1197 1526 1235 aequa-

194 1249 270 1286 lem
305 1246 628 1298 simillimumque
657 1247 727 1286 sui.
791 1249 869 1287 hoc
901 1261 1063 1302 quoque
1097 1248 1146 1287 sit
1177 1248 1299 1288 Attici
1337 1248 1525 1288 bonitatis
1547 1262 1565 1293 3

191 1314 427 1364 exemplum,
450 1313 559 1363 quod
583 1325 675 1351 curn
702 1326 762 1361 e0,
785 1326 904 1364 quem
934 1326 1100 1364 puerum
1130 1313 1171 1352 in
1200 1315 1296 1354 ludo
1323 1321 1522 1365 cognorat,

190 1379 292 1418 adeo
329 1378 542 1418 coniuncte
580 1377 684 1426 vixit,
721 1386 763 1418 ut
801 1380 853 1418 ad
891 1386 1106 1419 extremam
1143 1387 1314 1419 aetatem
1351 1379 1524 1419 amicitia

190 1456 327 1483 eorum
353 1442 527 1482 creverit.
587 1443 787 1483 Antonius
813 1451 959 1493 autem,
981 1444 1055 1484 etsi
1081 1451 1193 1485 tanto
1213 1444 1308 1485 odio
1328 1445 1525 1485 ferebatur
1543 1463 1564 1494 4

133 1526 173 1549 πο
191 1508 231 1548 in
260 1508 511 1558 Ciceronem,
540 1516 583 1548 ut
617 1522 698 1548 non
733 1511 862 1549 solum
897 1509 948 1558 ei,
975 1511 1047 1550 sed
1076 1510 1195 1549 etiam
1225 1510 1411 1550 omnibus
1440 1510 1524 1550 eius

190 1573 326 1613 amicis
355 1582 458 1614 esset
487 1574 669 1614 inimicus
695 1588 844 1626 eosque
864 1576 980 1614 vellet
1010 1575 1252 1626 proscribere
1349 1575 1412 1615 ltis
1439 1577 1524 1615 hor-

190 1640 374 1687 tantibus,
398 1647 531 1679 tamen
553 1640 674 1680 Attici
706 1654 858 1680 memor
887 1640 959 1679 fuit
988 1640 1106 1680 officii
1135 1648 1174 1680 et
1204 1639 1251 1688 ei,
1302 1654 1368 1680 um
1399 1641 1524 1691 requi-

190 1703 323 1752 sisset,
337 1703 498 1743 ubinam
519 1712 634 1752 esset,
651 1718 721 1744 sua
742 1718 862 1744 manu
883 1704 1047 1756 scripsit,
1067 1718 1116 1744 ne
1137 1705 1291 1744 timeret
1310 1704 1522 1756 statimque

190 1770 240 1809 ad
269 1782 311 1809 se
335 1769 507 1810 veniret:
537 1784 578 1809 se
607 1784 698 1810 eum
727 1778 767 1810 et
797 1770 898 1809 illius
927 1784 1046 1810 causa
1074 1772 1230 1811 Canum
1255 1771 1307 1810 de
1333 1770 1530 1822 proscrip-'

134 1851 171 1884 ²5
190 1842 318 1874 torum
348 1848 513 1874 numero
542 1834 743 1875 exemisse.
802 1849 848 1874 ac
873 1849 922 1874 ne
943 1836 1052 1886 quod
1079 1835 1296 1886 periculum
1317 1835 1518 1884 incideret,
1541 1852 1559 1884 5

190 1901 299 1950 quod
338 1907 457 1939 noctu
496 1900 626 1948 fiebat,
662 1900 900 1951 praesidium
940 1900 975 1939 ei
1015 1900 1130 1939 misit.
1202 1900 1258 1939 sic
1291 1900 1447 1940 Atticus
1481 1901 1521 1940 in

191 1977 347 2003 summo
376 1964 515 2004 timore
545 1979 625 2004 non
656 1966 784 2004 solum
812 1964 899 2014 sibi,
922 1966 992 2004 sed
1019 1965 1137 2004 etiam
1165 1964 1212 2013 ei,
1235 1978 1353 2016 quem
1374 1966 1522 2006 carissi-

192 2042 300 2068 mum
330 2029 512 2076 habebat,
535 2029 731 2081 praesidio
752 2029 824 2069 suit
845 2043 975 2080 neque
995 2029 1101 2069 enim
1122 2043 1216 2069 suae
1235 2031 1364 2070 solum
1377 2040 1408 2070 a
1427 2043 1538 2081 quo-*

190 2108 309 2145 quam
336 2094 521 2134 auxilium
552 2094 662 2146 petiit
693 2094 838 2142 salutis,
869 2093 956 2147 [sed
985 2093 1218 2148 coniuncti,]
1250 2103 1291 2134 ut
1317 2104 1521 2146 appareret

232 2212 251 2240 4
268 2209 390 2231 sensus
401 2199 474 2230 eius
484 2198 605 2231 Rosius
694 2198 953 2239 optimatibusB
969 2198 1012 2239 (ἒ)
1027 2197 1087 2229 H:
1113 2198 1331 2238 optimatibus
1344 2198 1418 2230 eius
1427 2198 1500 2230 AR
1514 2210 1522 2231 :

189 2244 304 2283 optim.
324 2243 542 2274 familiaribus
558 2243 630 2274 eius
655 2242 742 2274 Roth
761 2254 778 2303 :-
791 2247 859 2282 opt.
877 2241 1067 2292 coniunctis
1083 2241 1252 2273 Eberhard
1321 2285 1328 2292 .
1358 2286 1364 2292 ι
1399 2244 1438 2274 16
1461 2241 1520 2304 sit]

189 2285 1020 2371 ‘22‘siss⁶ssan÷un03⁴12222⁰5225232222⁰Zzssfi3313⁶
1033 2328 1096 2369 css
1124 2287 1195 2360 Αῧῗ
1216 2286 1520 2371 ’ξῖῗῗῗὲἴίῗὲηῗίῃὶι

191 2373 253 2405 rell.
270 2385 277 2405 z
301 2384 410 2414 neque
427 2398 434 2406 .
455 2397 461 2405 .
483 2373 667 2405 .coniuncti
683 2372 754 2404 incl.
776 2371 945 2404 Eberhard

234 2426 338 2448 cortu.
363 2426 438 2449 κερ.
1412 2418 1433 2446 8
