1746 2740
152 126 248 165 VII.
269 125 316 164 xi
641 123 895 165 CORNELI
922 123 1164 164 NEPOTIS

238 237 399 287 venerit,
419 239 525 278 adeo
543 236 685 278 studiis
709 250 846 276 eorum
871 235 1093 285 inservisse,
1109 243 1154 276 ut
1179 249 1300 276 nemo
1318 250 1410 276 eum
1431 236 1566 276 labore

238 303 493 356 corporisque
511 300 658 343 viribus
677 310 812 355 posset
829 299 1083 354 aequiperare
1102 301 1259 353 (omnes
1277 302 1384 342 enim
1409 302 1566 342 Boeotii

239 368 362 420 magis
390 366 564 407 firmitati
591 367 766 419 corporis
793 380 914 418 quam
941 366 1088 418 ingenii
1114 366 1290 406 acumini
1308 367 1541 420 inserviunt)
1553 382 1566 417 ς

200 450 223 482 4
239 434 413 472 eundem
449 433 558 484 apud
595 431 946 480 Lacedaemonios,
986 445 1155 482 quorum
1197 431 1374 471 moribus
1409 445 1566 472 summa

239 497 360 537 virtus
389 497 431 536 in
460 497 651 549 patientia
682 497 914 547 ponebatur,
949 495 1006 535 sic
1037 496 1205 536 duritiae
1239 510 1283 536 se
1318 497 1487 548 dedisse,
1520 504 1565 536 ut
1583 504 1602 536 ⁵

239 562 478 614 parsimonia
496 562 621 601 victus
650 569 770 612 atque
798 563 926 600 cultus
954 574 1095 600 omnes
1123 561 1460 601 Lacedaemonios
1484 561 1565 601 vin-

240 634 373 675 ceret3
399 627 519 666 fuisse
546 627 654 678 apud
682 627 868 673 Thracas,
904 626 1087 684 homines
1113 626 1336 666 vinolentos
1367 627 1566 678 rebusque

240 692 406 732 veneriis
434 692 616 732 deditos:
657 693 732 731 hos
765 704 926 742 quoque
955 691 998 730 in
1034 692 1096 731 his
1129 693 1249 732 rebus
1284 692 1542 732 antecessisse
1554 706 1567 742 ;

201 772 219 802 5
238 756 394 796 venisse
421 757 475 796 ad
510 759 663 806 Persas,
695 756 807 807 apud
834 769 938 807 quos
964 769 1122 795 summa
1156 758 1241 796 laus
1277 764 1382 796 esset
1417 757 1567 797 fortiter

237 822 382 870 venari,
398 822 595 862 luxuriose
608 822 762 861 vivere:
789 823 932 861 horum
946 821 1002 861 sic
1012 821 1208 861 imitatum
1223 822 1563 871 consuetudinem,
1585 838 1627 862 10

200 895 222 928 6
239 894 283 926 ut
301 886 357 926 illi
375 886 451 938 ipsi
468 901 562 927 eum
586 886 628 926 in
651 887 713 926 his
738 886 908 926 maxime
934 886 1228 926 admirarentur.
1285 886 1430 937 quibus
1448 888 1565 926 rebus

239 951 416 991 effecisse
448 959 502 999 ut,
536 952 644 1003 apud
677 964 952 1002 quoscumque
988 958 1102 999 esset,
1137 950 1320 1002 princeps
1356 959 1567 1002 poneretur

241 1017 532 1078 habereturque
561 1015 795 1056 carissimus.
855 1016 926 1056 sed
959 1015 1052 1055 satis
1082 1016 1134 1055 de
1166 1016 1267 1055 hoc:
1307 1015 1478 1067 reliquos
1509 1029 1568 1055 or-

239 1081 405 1125 diamur.

204 1221 223 1249 1
294 1210 609 1258 THRASYBVLvs‚
641 1209 737 1260 Lyci
763 1209 877 1258 filius,
903 1207 1171 1248 Atheniensis.
1231 1208 1263 1247 si
1291 1222 1360 1260 per
1386 1222 1428 1248 se
1446 1208 1567 1248 virtus
1589 1225 1626 1258 15

241 1273 327 1313 sine
353 1274 509 1313 fortuna
537 1275 796 1324 ponderanda
824 1280 894 1321 est,
916 1273 1056 1312 dubito
1085 1286 1135 1312 an
1164 1274 1271 1312 hunc
1297 1273 1467 1324 primurn
1486 1287 1568 1312 om-

241 1337 353 1378 niurn
382 1351 540 1390 ponam.
599 1338 698 1377 illud
735 1338 821 1377 sine
850 1337 1002 1378 dubio:
1030 1337 1231 1377 neminem
1261 1339 1355 1377 huic
1390 1339 1567 1389 praefero

204 1419 221 1441 2
242 1403 333 1450 fide,
353 1402 583 1450 constantia,
606 1402 878 1453 magnitudine
896 1402 1029 1449 animi,
1044 1402 1085 1441 in
1104 1402 1270 1453 patriam
1284 1415 1427 1442 amore.
1472 1392 1565 1442 nam

241 1468 352 1519 quod
380 1467 492 1507 multi
511 1469 719 1507 voluerunt
742 1467 938 1519 paucique
960 1475 1187 1518 potuerunt,
1210 1469 1263 1507 ab
1292 1481 1374 1507 uno
1400 1476 1566 1519 tyranno

241 1532 407 1584 patriam
424 1532 599 1580 liberare,
621 1532 713 1571 huic
732 1531 897 1583 contigit
915 1540 959 1571 ut
976 1545 1000 1571 a
1018 1544 1110 1571 xxx
1137 1546 1366 1583 oppressam
1392 1533 1565 1584 tyrannis
1586 1549 1628 1572 20

207 1613 226 1645 3
242 1611 266 1637 e
284 1597 468 1648 servitute
493 1597 534 1637 in
559 1597 780 1637 libertatem
798 1597 1024 1637 vindicaret.
1082 1599 1153 1637 sed
1178 1598 1313 1638 nescio
1331 1611 1412 1649 quo
1430 1599 1563 1646 modo,

242 1677 335 1703 curn
353 1677 446 1703 eum
464 1677 585 1703 nemo
603 1663 769 1703 anteiret
787 1663 848 1702 his
869 1663 1088 1712 virtutibus,
1110 1663 1223 1702 multi
1238 1663 1443 1702 nobilitate
1461 1677 1567 1714 prae-

241 1736 504 1768 cucurrerunt.
562 1727 734 1779 primum
771 1727 1063 1778 Peloponnesio
1096 1728 1202 1767 bello
1231 1730 1355 1767 multa
1384 1728 1450 1767 hic
1481 1728 1567 1768 sine

241 1793 451 1833 Alcibiade
467 1792 597 1844 gessit,
618 1792 686 1831 ille
703 1794 851 1831 nullam
865 1806 947 1832 rem
961 1792 1045 1831 sine
1060 1793 1137 1831 hoc
1156 1807 1164 1832 ι
1192 1806 1293 1843 quae
1308 1791 1373 1831 ille
1387 1792 1566 1832 universa

201 1873 221 1904 4
241 1857 407 1897 naturali
435 1859 611 1908 quodam
638 1858 750 1896 bono
781 1856 874 1896 fecit
902 1855 1010 1896 lucri.
1068 1858 1139 1896 sed
1172 1857 1238 1896 illa
1266 1865 1399 1896 tamen
1432 1857 1566 1897 omnia
1586 1874 1624 1906 ²5

241 1922 469 1961 communia
488 1921 788 1973 imperatoribus
812 1934 904 1960 cum
933 1920 1122 1960 militibus
1152 1929 1190 1960 et
1209 1922 1374 1969 fortuna,
1397 1922 1504 1972 quod
1525 1921 1565 1960 in

242 1986 379 2037 proelii
398 1999 593 2026 concursu
608 1986 690 2025 abit
711 2000 770 2025 res
790 1999 813 2025 a
833 1985 1000 2025 consilio
1019 1988 1070 2025 ad
1090 1986 1191 2025 vires
1214 1986 1374 2036 vimque
1392 1999 1565 2037 pugnan-

241 2051 349 2090 tium.
408 2050 541 2102 itaque
568 2050 651 2090 iure
679 2064 751 2090 suo
781 2052 971 2090 nonnulla
998 2051 1049 2090 ab
1078 2050 1311 2102 imperatore
1340 2050 1465 2099 miles,
1484 2053 1565 2101 plu-

241 2116 338 2155 rima
365 2129 457 2155 vero
489 2117 644 2154 fortuna
677 2116 850 2154 vindicat
884 2128 1005 2166 seque
1038 2114 1102 2153 hic
1127 2116 1215 2165 plus
1246 2114 1411 2153 valuisse
1445 2128 1563 2165 quam

284 2230 304 2250 2
329 2219 437 2250 Boetii
452 2218 541 2251 codd.
571 2223 601 2250 et
631 2220 676 2249 sic
703 2224 830 2259 semper
956 2227 976 2257 3
999 2218 1151 2249 acumine
1178 2217 1335 2256 uigebant
1362 2217 1395 2247 P
1527 2219 1566 2248 16

241 2263 460 2303 ponderanda
490 2263 534 2294 sit
564 2262 652 2294 codd.
681 2266 809 2302 praeter
838 2261 1016 2292 Kile'ensem
1149 2271 1188 2300 27
1214 2261 1347 2299 uimque
1377 2260 1564 2293 ABMPu:

241 2316 346 2346 usque
373 2305 483 2338 Leid.:
518 2310 667 2336 nostrum
696 2306 856 2345 cuiusque
881 2304 937 2336 R:
970 2305 1192 2343 uirtutemque
1220 2303 1365 2335 Lauda:
1398 2305 1564 2343 utrimque

241 2349 446 2389 Heusinger:
470 2359 635 2389 usumque
653 2348 792 2389 Madvig
932 2358 975 2387 29
998 2348 1049 2378 hic
1061 2346 1178 2378 Lamb.
1200 2347 1275 2378 :his
1285 2347 1372 2378 codd.
1464 2357 1562 2386 quam

242 2393 336 2424 ducis
352 2393 449 2434 prud.
468 2392 534 2424 secl.
555 2392 671 2423 Lamb.
