1746 2740
163 121 218 161 11.
240 121 317 160 viii
653 123 907 164 CORNELI
935 124 974 164 N
979 125 1177 166 EPOTIS

245 232 278 272 si
311 247 360 272 eo
392 234 642 285 pervenisset,
674 233 750 274 sibi
783 248 869 275 esse
901 236 1159 286 pereundum.
1229 237 1305 276 hac
1337 237 1571 278 necessitate

245 306 406 338 coactus
433 299 598 339 domino
621 299 742 347 navis,
764 299 833 351 qui
859 299 918 348 sit,
940 300 1074 351 aperit,
1103 302 1226 340 multa
1248 302 1451 353 pollicens,
1473 302 1506 343 si
1529 318 1572 343 se

208 380 226 417 7
246 373 527 405 conservasset.
600 372 640 404 at
678 365 742 404 ille
780 365 982 404 clarissimi
1020 365 1089 405 viri
1128 374 1265 418 captus
1304 367 1572 408 misericordia

245 429 352 469 diem
381 438 621 481 noctemque
648 432 785 482 procul
813 431 864 470 ab
894 430 1020 470 insula
1043 431 1082 470 in
1107 433 1355 471 salonavem
1379 433 1505 472 tenuit
1530 433 1571 473 in

243 495 398 537 ancoris
436 509 566 546 neque
605 509 846 546 quemquam
884 510 931 535 ex
963 509 1009 535 ea
1042 496 1145 536 exire
1178 511 1316 548 passus
1350 506 1418 537 est.
1478 498 1572 538 inde
1591 515 1608 545 5.

246 562 450 611 Ephesum
479 560 656 612 pervenit
689 560 823 611 ibique
851 561 1149 600 Themistoclen
1179 562 1349 612 exponit.
1408 563 1473 602 cui
1506 563 1571 603 ille

245 639 316 676 pro
335 625 482 664 meritis
502 634 639 676 postea
658 625 820 677 gratiam
842 625 999 667 rettulit.

192 693 225 740 '9
299 690 390 730 Scio
428 693 637 742 plerosque
674 691 728 730 ita
767 691 976 741 scripsisse,
1016 691 1314 731 Themistoclen
1352 694 1482 732 Xerxe
1517 707 1573 732 re-

243 764 389 806 gnante
413 756 453 794 in
473 756 610 795 Asiam
634 755 827 795 transisse.
886 757 957 795 sed
977 770 1050 806 ego
1073 756 1323 807 potissimum
1345 758 1572 809 Thucydidi

243 822 373 868 credo,
400 823 509 872 quod
535 829 662 861 aetate
688 821 888 871 proximus
912 822 963 861 de
991 821 1047 869 iis,
1074 822 1142 872 qui
1166 822 1320 862 illorum
1347 831 1571 874 temporum

243 886 445 925 historiam
473 887 723 937 reliquerunt,
755 894 793 925 et
827 886 1005 926 eiusdem
1034 886 1311 926 civitatis'suit.
1373 888 1403 926 is
1436 897 1568 928 autem

242 951 295 990 ait
323 953 375 990 ad
401 953 640 990 Artaxerxen
670 965 759 990 eum
790 951 942 990 venisse
967 960 1086 1002 atque
1116 952 1176 990 his
1205 953 1333 991 verbis
1362 954 1569 1004 epistulam

207 1031 221 1051 2
243 1015 420 1055 misisse:
470 1016 781 1055 ‘Themistocles
823 1015 913 1055 veni
959 1017 1010 1055 ad
1053 1024 1102 1064 te,
1147 1016 1215 1067 qui
1258 1017 1426 1068 plurima
1467 1020 1570 1057 mala

242 1080 422 1120 omnium
452 1080 659 1120 Graiorum
694 1081 733 1119 in
763 1082 928 1119 domum
958 1088 1066 1120 tuam
1097 1081 1222 1130 intuli,
1253 1082 1444 1132 quamdiu
1473 1083 1569 1122 mihi

242 1160 404 1185 necesse
441 1146 514 1185 fuit
550 1147 758 1185 adversum
796 1153 946 1197 patrem
989 1153 1101 1185 tuum
1139 1147 1284 1186 bellare
1326 1147 1571 1199 patriamque

204 1226 221 1257 3
243 1225 372 1250 meam
401 1212 624 1251 defendere.
684 1211 790 1250 idem
817 1211 942 1249 multo
970 1212 1082 1262 plura
1108 1211 1213 1250 bona
1246 1211 1333 1259 feci,
1358 1220 1569 1263 postquam

242 1275 282 1313 in
311 1283 397 1315 tuto
426 1275 509 1327 ipse
538 1283 576 1315 et
606 1276 670 1315 ille
699 1275 738 1314 in
768 1275 942 1326 periculo
972 1289 1058 1314 esse
1089 1276 1230 1326 coepit.
1289 1290 1381 1315 nam
1411 1290 1503 1315 cum
1529 1276 1569 1316 in

240 1340 376 1379 Asiam
407 1341 545 1379 reverti
579 1342 694 1380 vellet
727 1339 878 1391 proelio
910 1341 1017 1390 apud
1052 1340 1250 1379 Salamina
1283 1342 1401 1390 sacto,
1431 1341 1568 1381 litteris

240 1419 331 1444 eum
365 1407 567 1445 certiorem
600 1405 674 1445 feci
706 1405 745 1444 id
777 1404 837 1455 agi
869 1413 911 1443 ut
942 1418 1053 1455 pons,
1085 1418 1204 1455 quem
1232 1405 1273 1443 in
1304 1407 1569 1456 Hellesponto

240 1471 393 1517 fecerat,
425 1470 702 1510 dissolveretur
725 1477 845 1520 atque
873 1469 923 1509 ab
953 1469 1133 1508 hostibus
1159 1470 1453 1510 circumiretur:
1487 1485 1568 1522 quo

200 1553 220 1583 4
241 1535 380 1574 nuntio
407 1535 471 1574 ille
495 1535 669 1586 periculo
695 1543 753 1573 est
780 1534 975 1574 liberatus.
1035 1548 1141 1573 nunc
1165 1543 1298 1574 autem
1328 1535 1488 1586 confugi
1513 1537 1567 1575 ad

239 1607 278 1639 te
315 1600 529 1651 exagitatus
560 1614 583 1639 a
621 1607 763 1639 cuncta
794 1599 970 1646 Graecia,
1006 1607 1113 1638 tuam
1152 1607 1290 1649 petens
1328 1600 1567 1640 amicitiam:

239 1679 357 1715 quarn
397 1665 428 1703 si
467 1679 533 1704 ero
580 1666 756 1716 adeptuS‚
798 1678 879 1703 non
919 1664 1048 1702 minus
1097 1678 1159 1703 me
1200 1665 1350 1702 bonum
1393 1665 1565 1704 amicum

239 1730 414 1778 habebis,
437 1744 556 1781 quam
577 1732 716 1769 fortem
737 1729 940 1768 inimicum
962 1729 1026 1768 ille
1046 1737 1225 1780 expertus
1246 1738 1314 1768 est.
1368 1743 1414 1768 ea
1433 1738 1566 1768 autem

238 1809 342 1846 rogo,
375 1804 417 1834 ut
446 1797 496 1834 de
530 1795 575 1834 iis
605 1796 731 1842 rebus,
764 1809 861 1846 quas
891 1802 1022 1834 tecum
1051 1794 1224 1845 colloqui
1255 1796 1356 1842 volo,
1388 1808 1565 1834 annuum

238 1860 333 1898 mihi
354 1868 510 1910 tempus
530 1861 600 1899 des
621 1873 748 1910 eoque
768 1867 964 1898 transacto
984 1860 1036 1898 ad
1055 1867 1094 1898 te
1113 1859 1246 1898 venire
1265 1859 1447 1910 patiaris.'

170 1939 217 1965 10
292 1925 425 1964 Huius
464 1939 528 1964 rex
570 1924 691 1964 animi
730 1924 1041 1975 magnitudinem
1085 1924 1284 1963 admirans
1322 1924 1565 1976 cupiensque

237 1992 354 2030 talem
381 1990 506 2029 virum
534 1989 608 2028 sibi
638 1989 836 2029 conciliari
865 1989 1020 2028 veniam
1050 1989 1170 2028 dedit.
1231 1989 1294 2028 ille
1319 2003 1438 2028 omne
1468 1989 1564 2028 illud

237 2062 392 2106 tempus
426 2054 562 2094 litteris
601 2054 851 2104 sermonique
885 2055 1087 2092 Persarum
1123 2067 1165 2092 se
1203 2053 1380 2092 dedidit:
1419 2053 1563 2103 quibus

234 2121 337 2159 adeo
357 2120 531 2159 eruditus
556 2127 623 2166 est,
647 2127 689 2158 ut
710 2120 834 2158 multo
858 2118 1107 2157 commodius
1131 2118 1283 2157 dicatur
1304 2119 1411 2168 apud
1432 2131 1562 2168 regem

235 2185 353 2224 verba
379 2184 530 2232 fecisse,
559 2198 678 2235 quam
708 2184 733 2223 ii
757 2191 948 2235 poterant,
978 2183 1045 2234 qui
1075 2183 1115 2222 in
1145 2183 1305 2222 Perside
1334 2191 1443 2222 erant
1467 2184 1558 2223 nati.

279 2298 299 2318 2
321 2289 397 2327 quis
413 2288 456 2319 sit
472 2287 545 2318 MR
668 2297 707 2319 10
729 2288 817 2327 quod
836 2291 869 2318 et
885 2291 995 2318 aetate
1011 2285 1209 2327 Heerwagen
1298 2287 1340 2316 de
1358 2285 1413 2327 iis]
1432 2291 1504 2318 erat
1518 2287 1560 2318 de

233 2331 286 2362 his
302 2329 391 2362 Leid.
413 2343 420 2362 z
443 2337 514 2362 erat
532 2331 572 2361 iis
588 2330 621 2360 R
637 2342 644 2361 z
669 2335 742 2361 erat
759 2330 822 2361 Mu
925 2340 963 2369 14
987 2329 1153 2370 omnium]
1171 2329 1343 2360 hominum
1359 2328 1430 2359 AR
1518 2340 1559 2369 24

233 2374 288 2415 ea]
315 2374 347 2405 id
373 2374 405 2404 Β
420 2374 509 2406 Lm'd.
530 2374 552 2404 ii
569 2386 576 2405 :
601 2379 633 2405 te
657 2374 756 2406 Fleck.
846 2383 889 2413 29
913 2383 950 2404 se
966 2372 1110 2413 dedidit]
1128 2372 1219 2403 dedit
1238 2375 1319 2413 (om.
1339 2372 1390 2414 se)
1409 2372 1450 2403 M
1465 2371 1551 2410 dett„

1592 839 1632 863 10

1591 1163 1628 1197 ¹5

1590 1489 1630 1511 20

1589 1810 1625 1842 ²5

1585 2132 1624 2163 30

1732 1139 1741 1158 ἶ

1720 1195 1746 2539 1

1721 2591 1743 2641 t}

1722 2721 1726 2730 ,
