1718 2746
607 378 1081 428 PRAEFATIO

230 553 366 591 INTER
403 549 576 590 editores
610 547 698 588 libri
736 546 839 586 illius
880 548 943 586 De
983 544 1280 585 Excellentibus
1319 543 1513 591 Ducibus,

173 616 242 668 qui
288 616 330 655 in
373 615 579 656 codicibus
626 612 800 654 Aemilio
847 611 981 651 Probo
1027 610 1221 662 ascriptus
1257 623 1283 650 a
1318 609 1516 662 plerisque

174 681 362 724 Cornelio
382 680 532 732 Nepoti
551 679 746 727 tribuitur,
767 679 850 717 duo
869 676 1082 729 praecipue
1102 675 1339 724 enituerunt,
1357 676 1404 716 C.
1421 674 1517 727 Nip-

173 748 319 799 perdey
347 753 387 786 et
416 746 460 787 C.
492 746 538 784 L.
570 745 693 784 Roth.
750 744 831 784 Sed
859 743 970 794 quod
1006 742 1060 782 ad
1097 741 1285 782 codicum
1321 743 1515 781 rationem

172 813 313 851 attinet
331 812 505 862 palmam
524 809 614 849 tulit
634 810 757 857 Roth,
778 807 929 860 quippe
954 807 1024 859 qui
1050 807 1093 846 in
1112 806 1290 847 editione
1315 819 1387 846 sua
1409 819 1516 846 anno

173 885 456 915 uncccxxxx1
497 874 677 914 Basileae
713 874 820 913 edita
857 872 1018 912 codices
1057 873 1271 924 plerosque
1308 870 1517 923 diligenter

172 942 380 989 recensuit,
402 954 477 980 nec
497 953 579 980 non
599 946 690 991 post
708 940 851 979 decem
876 950 1005 977 annos
1032 939 1272 977 Parcensem
1291 936 1405 976 illum
1432 936 1512 989 (P),

173 1007 302 1045 solum
331 1005 508 1057 optimae
536 1004 709 1044 familiae
736 1011 879 1043 testem
917 1002 988 1054 qui
1024 1002 1148 1042 hodie
1175 1009 1315 1051 exstat,
1344 1001 1516 1041 Louanii

173 1070 325 1110 inuenit
345 1079 385 1110 et
404 1070 446 1109 in
468 1072 614 1110 Museo
636 1071 835 1109 Rhenano
854 1069 977 1108 VIII.
999 1070 1078 1107 626
1099 1080 1185 1119 sqq.
1207 1066 1423 1119 euulgauit.

228 1137 367 1177 Codex
386 1143 445 1176 est
466 1135 612 1175 saeculi
633 1133 762 1186 quinti
781 1133 939 1180 decimi,
962 1134 1071 1173 haud
1091 1133 1344 1172 uenerandae
1362 1133 1513 1182 aetatis,

174 1202 245 1241 sed
265 1201 359 1241 satis
379 1202 487 1241 bona
507 1202 587 1241 fide
606 1200 797 1252 scriptus:
827 1212 907 1250 qua
932 1200 983 1239 de
1010 1211 1051 1238 re
1077 1199 1195 1238 ualde
1214 1198 1436 1237 dolendum
1455 1205 1515 1237 est

174 1266 297 1306 uitam
326 1266 448 1306 Attici
477 1267 596 1318 plane
623 1266 812 1305 omissam
841 1277 941 1304 esse.
1010 1265 1204 1303 Eiusdem
1240 1262 1414 1303 familiae
1441 1262 1515 1302 fuit

173 1333 301 1371 codex
320 1331 499 1370 omniurn
526 1330 712 1383 optimus,
736 1329 972 1369 Danielinus
998 1329 1083 1369 siue
1108 1327 1345 1368 Gifanianus
1372 1327 1514 1380 (unum

172 1396 279 1436 enim
302 1395 473 1436 Rothius
499 1403 714 1447 praeeunte
740 1394 923 1434 Fabricio
949 1407 1036 1434 esse
1062 1392 1380 1445 demonstrauit),
1401 1392 1514 1432 cuius

173 1461 363 1501 lectiones
391 1462 476 1501 sed·
493 1474 624 1512 neque
652 1460 822 1512 integras
850 1473 982 1512 neque
1011 1460 1115 1500 bene
1143 1459 1306 1499 traditas
1336 1458 1379 1498 in
1406 1460 1514 1500 calce

172 1526 358 1566 editionis
379 1526 613 1566 Marnianae
632 1526 847 1577 exscriptas
866 1527 1074 1566 habemus.
1133 1525 1210 1565 His
1231 1526 1471 1565 Leidensem
1490 1539 1514 1565 a

172 1592 364 1631 Boeclero
381 1591 607 1631 adhibitum
626 1592 829 1642 aliumque
849 1593 1014 1631 fortasse
1035 1590 1271 1630 Batauicum
1290 1590 1343 1629 ab
1362 1590 1514 1630 editore

172 1656 432 1696 Vltraiectino
451 1670 560 1697 anno
580 1668 803 1696 MDxxxxn
824 1656 1113 1708 subiungimus.
1171 1657 1230 1696 Hi
1256 1663 1349 1695 sunt
1367 1656 1513 1707 quibus

173 1721 344 1762 maxima
389 1722 490 1762 fides
536 1722 767 1762 adhibenda
813 1729 885 1762 est.
943 1723 978 1761 E
1016 1721 1177 1772 reliquis
1223 1721 1341 1772 elegit
1387 1723 1511 1762 Halm

172 1794 369 1835 quattuor,
391 1799 562 1837 quorum
582 1788 700 1837 longe
725 1785 900 1837 optimus
930 1786 1160 1837 primaeque
1189 1785 1360 1826 familiae
1388 1786 1512 1837 proxi-

173 1862 262 1888 mus
290 1857 351 1889 est
379 1850 713 1901 Guelferbytanus
733 1849 819 1903 (A).
878 1850 1064 1901 Sequitur
1091 1851 1221 1890 codex
1248 1851 1511 1902 Sangallensis

173 1914 254 1965 (B),
275 1922 315 1954 et
339 1915 517 1966 longiore
538 1915 745 1955 interuallo
769 1917 1008 1955 recentiores
1033 1916 1127 1964 duo,
1156 1915 1225 1967 qui
1251 1923 1401 1956 textum
1428 1929 1510 1955 non

173 1979 368 2030 integrum
397 1980 469 2019 sed
496 1980 753 2019 emendatum
774 1980 975 2028 exhibent,
996 1981 1125 2019 codex
1144 1980 1312 2032 Collegii
1339 1980 1510 2019 Romani

172 2043 246 2095 (R)
266 2051 306 2083 et
324 2044 453 2083 codex
480 2043 736 2083 Monacensis
764 2043 858 2095 (M).
919 2045 998 2083 His
1025 2043 1067 2083 in
1096 2043 1178 2084 uita
1204 2044 1329 2084 Attici
1356 2044 1510 2084 addidit

173 2108 494 2148 Haenelianum:
541 2108 714 2159 reliquos
748 2121 906 2160 perraro
933 2117 1235 2150 commemorat.
1291 2111 1385 2160 Ipse
1412 2109 1510 2149 nihil

172 2174 267 2212 noui
286 2172 401 2212 attuli
417 2187 430 2222 3
456 2172 617 2213 codices
645 2174 753 2213 enirn
781 2186 882 2224 quos
903 2173 1053 2225 inspexi
1079 2174 1275 2214 Parisinos
1296 2174 1510 2214 Vaticanos

171 2237 383 2278 Chisianos
431 2237 674 2277 Bodleianos
722 2238 999 2285 Londinensis‚
1048 2251 1189 2278 omnes
1244 2238 1356 2290 parui
1411 2239 1508 2289 preti

171 2310 275 2341 sunt.
332 2304 468 2341 Vnum
484 2310 639 2342 tantum
656 2302 972 2343 Canonicianum
989 2304 1075 2342 Lat.
1097 2315 1180 2354 159,
1198 2305 1380 2343 codicem
1402 2304 1510 2344 haud

171 2367 427 2406 deterrimum
447 2366 512 2407 hic
531 2366 625 2407 inde
644 2367 775 2407 citaui.
