1746 2740
146 99 280 139 XVII.
302 98 348 138 iii
634 99 887 141 CORNELI
917 100 1158 141 NEPOTIS

229 223 398 262 eamque
424 211 530 262 prius
557 212 821 262 depopulatus
846 217 916 259 est,
939 224 1058 262 quam
1085 210 1371 262 Tissaphernes
1390 223 1559 262 usquam

228 288 270 315 se
291 283 475 315 moveret.
535 289 678 327 magna
704 277 850 327 praeda
870 275 1059 315 militibus
1085 276 1333 328 locupletatis
1354 277 1559 328 Ephesum

229 339 446 380 hiematum
480 341 694 380 exercitum
726 339 880 380 reduxit
911 347 1031 392 atque
1064 340 1119 380 ibi
1157 341 1323 381 officinis
1359 355 1558 381 armorum

230 405 418 445 institutis
440 419 581 457 magna
600 405 792 445 industria
810 405 960 459 bellum
983 406 1194 457 apparavit.
1253 414 1292 446 et
1311 420 1393 458 quo
1411 406 1558 446 studio-

231 469 311 509 sius
329 478 573 510 armarentur
591 469 862 521 insigniusque
885 478 1126 518 ornarentur,
1148 470 1322 522 praemia
1340 470 1556 522 proposuit,
1577 485 1595 517 5

231 535 376 586 quibus
395 537 647 583 donarentur,
664 548 833 586 quorum
849 535 1004 587 egregia
1022 535 1062 574 in
1075 549 1122 575 ea
1137 549 1177 575 re
1196 535 1334 575 fuisset
1352 535 1554 576 industria.

190 618 209 649 3
229 600 321 640 fecit
341 600 447 640 idem
474 600 514 639 in
541 599 865 640 exercitationum
884 600 1108 652 generibus,
1127 608 1181 649 ut,
1202 600 1271 652 qui
1293 600 1432 640 ceteris
1450 614 1545 652 prae

229 666 428 714 stitissent,
451 679 520 706 eos
546 666 698 718 magnis
723 666 895 706 afficeret
921 666 1161 705 muneribus.
1218 665 1280 705 his
1306 665 1421 717 igitur
1439 666 1557 706 rebus

228 731 356 781 effecit
394 739 437 770 ut
474 738 513 771 et
559 730 852 770 ornatissimum
899 738 939 770 et
983 730 1346 770 exercitatissimum
1394 731 1557 771 haberet
1587 765 1594 771 .

188 815 209 845 4
229 796 452 836 exercitum.
511 796 604 835 huic
624 810 715 836 cum
744 804 901 847 tempus
929 804 1032 836 esset
1051 796 1178 835 visum
1201 796 1335 847 copias
1354 797 1554 836 extrahere
1577 809 1617 833 10

228 875 275 901 ex
307 861 584 909 hibernaculis,
619 861 728 909 vidit,
764 861 807 909 si,
843 875 925 912 quo
961 869 1065 901 esset
1101 861 1173 901 iter
1209 863 1391 910 sacturus‚
1424 863 1554 913 palam

227 926 530 977 pronuntiasset,
553 926 677 965 hostis
703 939 785 966 non
811 926 1028 966 credituros
1052 926 1228 977 aliasque
1253 926 1431 978 regiones
1450 941 1557 978 prae-

228 990 337 1030 sidiis
357 999 618 1043 occupaturos
638 1005 769 1043 neque
784 991 1033 1031 dubitaturos
1052 991 1159 1031 aliud
1185 1005 1276 1031 eum
1296 993 1489 1031 facturum
1509 1005 1556 1031 ac

189 1073 206 1104 5
229 1056 530 1107 pronuntiasset.
589 1057 722 1108 itaque
751 1070 842 1096 cum
872 1056 937 1096 ille
967 1056 1099 1096 Sardis
1129 1056 1274 1095 iturum
1307 1070 1350 1096 se
1382 1056 1553 1104 dixisset,

228 1121 513 1174 Tissaphernes
533 1124 702 1162 eandem
718 1122 874 1163 Cariam
888 1123 1182 1162 defendendam
1194 1121 1355 1173 putavit.
1384 1156 1386 1158 .
1415 1121 1455 1161 in
1475 1136 1556 1174 quo
1578 1137 1617 1171 15

228 1202 319 1227 cum
346 1202 437 1227 eum
465 1188 601 1240 opinio
631 1187 832 1228 fefellisset
858 1187 1086 1238 victumque
1116 1200 1158 1226 se
1186 1186 1347 1227 vidisset
1376 1186 1554 1236 consilio,

228 1266 316 1292 sero
344 1253 424 1292 suis
455 1253 652 1305 praesidio
678 1254 877 1304 profectus
903 1260 972 1292 est.
1031 1266 1124 1291 nam
1153 1265 1244 1291 eum
1274 1251 1341 1292 illo
1371 1252 1552 1300 venisset,

227 1318 305 1357 iarn
334 1318 540 1369 Agesilaus
569 1318 702 1357 multis
735 1318 832 1358 locis
862 1317 1093 1369 expugnatis
1124 1331 1266 1369 magna
1296 1325 1377 1357 erat
1410 1319 1556 1369 praeda

187 1391 205 1423 6
227 1382 384 1433 potitus.
445 1385 552 1423 Laco
577 1390 710 1422 autem
737 1396 828 1422 cum
847 1382 997 1422 videret
1020 1382 1144 1422 hostis
1163 1382 1339 1433 equitatu
1359 1396 1552 1434 superare,

227 1460 445 1498 numquam
472 1448 512 1486 in
539 1461 681 1499 campo
701 1447 761 1487 sui
780 1447 872 1487 fecit
891 1454 1127 1499 potestatem
1147 1455 1186 1487 et
1206 1446 1252 1486 iis
1275 1447 1371 1487 locis
1392 1461 1553 1486 manum
1575 1459 1616 1483 20

226 1512 434 1561 conseruit,
470 1512 614 1564 quibus
647 1515 735 1564 plus
764 1514 965 1564 pedestres
995 1512 1133 1564 copiae
1164 1513 1346 1551 valerent.
1405 1512 1554 1563 pepulit

226 1590 330 1628 ergo,
352 1577 710 1629 quotienscumque
735 1591 967 1629 congressus
994 1585 1063 1625 est,
1087 1578 1212 1616 multo
1232 1577 1398 1616 maiores
1421 1577 1554 1617 adver·

225 1641 414 1680 sariorum
452 1642 587 1693 copias
624 1650 663 1681 et
700 1642 756 1681 sic
794 1642 833 1681 in
865 1641 960 1681 Asia
992 1650 1166 1681 versatus
1196 1650 1266 1690 est,
1299 1649 1341 1681 ut
1374 1641 1553 1681 omnium

225 1705 413 1756 opinione
432 1706 556 1746 victor
576 1708 793 1746 duceretur.

178 1783 205 1821 4
280 1770 361 1809 Hic
387 1784 478 1810 cum
506 1771 583 1810 iarn
610 1771 744 1811 animo
771 1772 1024 1812 meditaretur
1055 1770 1248 1824 proficisci
1278 1770 1317 1811 in
1348 1773 1484 1812 Persas
1513 1779 1552 1812 et
1573 1786 1612 1820 25

224 1834 353 1885 ipsum
388 1849 518 1886 regem
551 1835 704 1883 adoriri,
742 1837 903 1876 nuntius
942 1837 977 1876 ei
1014 1839 1137 1876 domo
1170 1836 1277 1876 venit
1314 1838 1551 1888 ephororum

226 1898 358 1947 missu,
388 1900 534 1939 bellurn
570 1901 834 1940 Athenienses
867 1909 906 1941 et
938 1902 1111 1941 Boeotos
1140 1901 1326 1941 indixisse
1358 1903 1552 1942 Lacedae-

188 1980 203 2002 2
226 1964 392 2004 moniis:
422 1978 542 2015 quare
562 1965 693 2005 venire
713 1980 764 2006 ne
784 1967 990 2006 dubitaret.
1050 1966 1090 2005 in
1118 1967 1194 2006 hoc
1214 1980 1295 2005 non
1317 1965 1446 2005 minus
1467 1966 1550 2006 eius

224 2028 348 2079 pietas
374 2029 626 2080 suspicienda
651 2039 710 2070 est
739 2045 858 2081 quarn
879 2030 999 2070 virtus
1020 2031 1183 2070 bellica:
1213 2031 1280 2082 qui
1301 2045 1392 2070 cum
1412 2030 1549 2070 victori

224 2102 420 2143 praeesset
464 2094 649 2134 exercitui
688 2095 979 2146 maximamque
1016 2096 1187 2146 haberet¹
1217 2095 1403 2135 fiduciam
1442 2096 1549 2147 regni
1569 2108 1611 2140 30

225 2159 429 2198 Persarum
457 2159 652 2210 potiundi,
674 2167 783 2199 tanta
808 2160 1003 2200 modestia
1031 2161 1138 2200 dicto
1158 2160 1323 2200 audiens
1342 2160 1415 2200 fuit
1434 2159 1550 2200 iussis

265 2269 285 2300 5
310 2262 499 2301 insignibus
516 2261 606 2295 Dan.
628 2262 700 2295 Pet
713 2274 789 2295 corr.
809 2263 842 2294 A
1002 2274 1041 2295 12
1067 2265 1246 2304 praesidiis
1262 2275 1329 2295 om.
1346 2263 1378 2296 ς’
1511 2273 1549 2303 13

221 2313 298 2335 eum
314 2305 369 2336 Pu
384 2316 391 2336 :
415 2315 491 2337 esse
509 2306 573 2337 rell.
730 2316 772 2346 27
795 2308 901 2339 missu
918 2307 950 2338 A
967 2306 1058 2340 Dan.
1075 2308 1270 2349 (suprascr.)
1287 2312 1317 2339 et
1328 2318 1350 2339 u
1366 2308 1400 2338 in
1417 2318 1525 2349 marg.
1542 2320 1549 2339 :

222 2346 314 2379 iussu
331 2347 365 2378 A
384 2350 575 2391 (suprascr.)
593 2353 621 2380 et
637 2350 700 2381 rell.
