1746 2740
138 112 298 152 XXIII.
318 112 397 152 xiii
429 156 438 165 ,
477 113 748 187 CORNELI'
762 114 1004 155 NEPOTIS
1032 115 1334 156 HANNIBAL

220 230 331 275 gesta
348 224 462 264 multi
482 225 695 266 memoriae
722 225 992 277 prodiderunt,
1015 227 1087 267 sed
1105 239 1153 267 ex
1171 226 1233 266 his
1252 227 1346 275 duo,
1366 226 1435 279 qui
1453 240 1546 269 cum

222 301 271 328 eo
302 288 343 328 in
373 289 509 329 castris
539 291 696 330 fuerunt
722 290 920 342 simulque
951 290 1140 340 vixerunt,
1171 282 1363 343 quamdiu
1391 293 1549 333 fortuna

221 366 336 404 passa
363 361 434 403 est,
464 354 620 395 Silenus
647 362 688 395 et
716 356 877 407 Sosylus
909 356 1259 396 Lacedaemonius.
1315 364 1438 408 atque
1469 358 1547 398 hoc

222 419 361 469 Sosylo
382 419 587 460 Hannibal
606 419 822 461 litterarum
845 422 1083 461 Graecarum
1106 434 1200 461 usus
1220 429 1279 461 est
1297 423 1473 463 doctore.

183 497 205 529 4
276 484 356 523 Sed
375 497 449 524 nos
467 492 625 536 tempus
653 493 713 525 est
738 485 855 526 huius
882 485 970 526 libri
999 487 1126 526 facere
1146 487 1267 526 finem
1286 494 1327 527 et
1347 489 1547 527 Romano-
1565 499 1586 533 5

222 561 308 587 rum
337 548 531 599 explicare
549 549 816 601 imperatores,
839 564 921 602 quo
942 550 1093 590 facilius
1112 551 1264 591 collatis
1292 559 1549 604 utrorumque

222 612 346 661 factis3
367 613 435 665 qui
453 614 523 653 viri
542 615 788 667 praeferendi
810 614 899 664 sint,
922 615 1045 667 possit
1066 615 1239 656 iudicari.

221 726 284 748 nec
307 723 437 749 metuas
460 717 553 749 fuluo
574 718 713 750 strictos
735 718 924 750 diademate
946 719 1070 759 crines,

265 760 416 792 ridentes
439 760 599 793 blandum
624 762 679 793 uel
702 762 828 802 pietate
853 763 980 794 oculos.

221 804 406 835 communis
427 804 559 836 cunctis
582 805 765 847 hominem,
791 806 852 838 sed
877 807 929 846 (se
954 806 1001 846 P)
1026 816 1130 845 regna
1157 810 1274 838 tenere

264 857 302 879 se
324 847 496 879 meminit:
519 849 624 880 uincit
647 849 726 880 hinc
749 849 857 889 magis
881 849 938 880 ille
961 849 1126 881 homines.

221 895 385 922 ornentur
406 891 542 923 steriles
565 891 674 932 fragili
697 896 828 924 tectura
852 892 974 924 libelli:

231 942 234 945 ’
263 934 458 966 Theodosio
481 939 516 966 et
538 935 648 967 doctis
669 936 817 967 carmina
841 937 932 968 nuda
956 935 1101 976 placent.

221 978 249 1009 si
272 982 370 1018 rogat
390 983 575 1019 auctorem,
600 978 760 1019 paulatim
781 979 905 1020 detege
929 984 1080 1012 nostrum

265 1025 346 1052 tunc
368 1021 505 1053 domino
528 1032 673 1055 nomen:
698 1032 751 1054 me
773 1022 858 1055 sciat
880 1032 956 1054 esse
981 1022 1139 1063 Probum.

221 1074 364 1104 corpore
387 1064 422 1096 in
445 1065 510 1097 hoc
527 1075 647 1096 manus
662 1069 716 1097 est
730 1066 904 1105 genetoris
919 1066 1042 1106 auique
1057 1075 1198 1105 meaque
1217 1065 1266 1107 (P
1278 1075 1344 1097 om.
1364 1065 1521 1107 meaque)
1537 1076 1545 1096 ε

264 1107 390 1148 felices,
416 1109 588 1140 dominum
611 1118 699 1149 quae
722 1118 875 1140 meruere
899 1112 1091 1147 (emeruere
1114 1108 1242 1150 Nt'pp.),
1270 1118 1398 1140 manus.

220 1150 357 1182 Aemilii
372 1150 499 1192 (Emilii
513 1151 560 1191 P)
579 1151 679 1183 Probi
696 1152 738 1183 de
755 1151 1001 1183 excellentibus
1017 1152 1160 1184 ducibus
1180 1156 1372 1183 exterarum
1394 1151 1546 1191 gentium

222 1195 310 1227 liber
323 1194 466 1236 explicit
475 1195 548 1227 ΑΡ
557 1206 566 1227 ι
589 1195 690 1227 Probi
701 1194 839 1227 Aemilii
855 1195 898 1227 de
910 1195 1060 1228 virorum
1077 1194 1323 1228 Excellentium
1339 1194 1409 1227 vita
1420 1195 1494 1227 finit
1507 1193 1550 1226 M
