1746 2740
147 95 236 135 XV.
257 106 293 134 v
626 95 881 136 CORNELI
910 94 1152 139 NEPOTIS

232 207 421 249 aemulari
446 216 574 260 putas,
595 207 748 248 falleris.
805 220 980 259 namque
997 206 1064 247 ine
1082 220 1174 247 cum
1197 207 1378 248 universa
1397 206 1564 248 Graecia

232 272 296 312 vix
315 274 455 313 decem
475 273 590 313 annis
609 286 732 313 unam
751 272 858 324 cepit
877 273 1028 321 urbem,
1049 285 1123 323 ego
1143 279 1280 311 contra
1298 285 1345 312 ea
1364 285 1443 312 una
1465 272 1563 312 urbe

234 346 367 379 nostra
395 339 540 390 dieque
568 352 650 378 uno
678 346 804 378 totam
828 337 1035 378 Graeciam
1065 337 1392 378 Lacedaemoniis
1421 337 1562 389 fugatis

234 404 419 444 liberavi!

187 471 216 509 6
290 470 405 509 Idem
439 482 531 509 cum
562 468 603 508 in
633 476 875 508 conventum
904 467 1075 508 venisset
1108 469 1320 515 Arcadum,
1352 475 1491 519 petens
1519 474 1562 508 ut
1582 483 1601 517 5

235 534 467 574 societatem
497 548 590 573 cum
623 533 828 574 Thebanis
861 541 901 573 et
934 533 1086 584 Argivis
1123 535 1306 582 facerent,
1347 542 1563 585 contraque

235 599 492 647 Callistratus,
513 598 818 638 Atheniensium
838 599 999 649 legatus,
1022 598 1090 649 qui
1109 598 1337 649 eloquentia
1356 611 1496 638 omnes
1515 612 1565 638 eo

234 665 458 716 praestabat
485 671 674 715 tempore,
705 665 920 715 postularet
950 670 993 702 ut
1025 662 1157 714 potius
1181 661 1395 702 amicitiam
1429 675 1566 713 seque-

235 737 368 769 rentur
386 729 621 777 Atticorum‚
643 736 682 768 et
702 729 742 767 in
762 728 939 768 oratione
959 742 1031 767 sua
1057 730 1179 767 multa
1202 727 1380 767 invectus
1401 736 1505 768 esset
1524 728 1565 767 in

199 810 215 832 2
235 796 452 836 Thebanos
471 802 510 835 et
530 795 696 846 Argivos
715 794 756 834 in
775 794 911 845 eisque
931 795 1008 833 hoc
1023 794 1228 844 posuisset,
1242 793 1418 832 animum
1432 795 1566 834 adver·
1587 809 1627 832 ιο

236 869 317 901 tere
336 861 483 900 debere
502 861 688 907 Arcades,
711 858 837 910 qualis
857 866 1021 910 utraque
1040 859 1176 898 civitas
1196 859 1290 898 civis
1307 869 1560 911 procreasset,

236 940 284 966 ex
302 925 447 976 quibus
472 926 524 965 de
547 924 685 964 ceteris
713 932 874 976 possent
902 924 1099 964 iudicare:
1128 925 1293 976 Argivos
1319 925 1425 964 enim
1446 925 1564 965 fuisse

237 993 420 1032 Orestem
435 998 474 1031 et
486 992 771 1030 Alcmaeonem
785 990 1018 1039 matricidas,
1033 991 1184 1031 Thebis
1197 992 1397 1044 Oedipum
1413 999 1562 1039 natum,

237 1057 317 1109 qui,
334 1070 439 1106 ,cum
467 1063 619 1108 patrem
648 1070 765 1096 suurn
792 1056 1060 1106 interfecisset,
1091 1072 1138 1097 ex
1158 1066 1280 1098 matre
1308 1058 1451 1098 liberos
1480 1071 1567 1109 pro-

201 1136 220 1167 3
238 1135 414 1162 creasse:
445 1122 538 1161 huic
558 1121 598 1160 in
617 1122 898 1172 respondendo
919 1123 1228 1173 Epaminondas,
1246 1138 1336 1163 cum
1357 1125 1407 1164 de
1427 1123 1565 1163 ceteris
1588 1135 1625 1168 15

238 1194 468 1239 perorasset,
489 1194 700 1238 postquam
719 1188 771 1227 ad
797 1187 863 1226 illa
887 1189 969 1227 duo
995 1189 1206 1240 opprobria
1231 1189 1418 1239 pervenit,
1444 1187 1568 1228 admi-

239 1252 312 1291 rari
333 1265 375 1291 se
394 1251 491 1291 dixit
510 1251 714 1291 stultitiam
729 1252 894 1292 rhetoris
906 1253 1038 1301 Attici,
1058 1253 1125 1304 qui
1138 1267 1219 1293 non
1235 1253 1564 1301 animadverterit,

240 1317 473 1357 innocentes
503 1316 591 1356 illos
624 1324 738 1356 natos
771 1317 892 1365 domi,
925 1319 1072 1357 scelere
1108 1318 1283 1358 admisso
1320 1332 1412 1358 cum
1443 1319 1567 1370 patria

202 1396 223 1428 4
241 1390 371 1422 essent
391 1381 552 1433 expulsi,
573 1390 752 1432 receptos
772 1396 858 1422 esse
875 1383 928 1422 ab
942 1382 1263 1423 Atheniensibus.
1308 1385 1378 1423 sed
1399 1383 1567 1423 maxime

240 1448 324 1488 eius
350 1447 576 1498 eloquentia
601 1447 721 1487 eluxit
750 1449 911 1499 Spartae
936 1449 1052 1499 legati
1077 1457 1169 1488 ante
1195 1462 1367 1500 pugnarn
1395 1449 1567 1489 Leuctri-
1587 1462 1628 1485 πο

240 1527 340 1554 cam.
415 1526 496 1564 quo
533 1526 625 1552 cum
662 1513 842 1552 omnium
880 1514 1078 1554 sociorum
1116 1515 1394 1555 convenissent
1437 1514 1564 1566 legati,

241 1592 374 1618 coram
395 1577 713 1629 frequentissimo
732 1579 973 1629 legationum
1000 1588 1199 1619 conventu
1226 1580 1282 1620 sic
1302 1581 1570 1620 Lacedaemo-

242 1643 398 1683 niorum
431 1642 678 1694 tyrannidem
712 1643 900 1695 coarguit,
933 1652 977 1683 ut
1014 1658 1095 1684 non
1133 1645 1263 1684 minus
1296 1644 1362 1684 illa
1391 1645 1569 1684 oratione

242 1723 338 1760 opes
358 1722 494 1748 eorum
514 1709 755 1748 concusserit
775 1723 894 1760 quam
924 1710 1129 1749 Leuctrica
1157 1724 1301 1764 pugna.
1357 1718 1441 1749 tum
1461 1709 1568 1750 enim

242 1774 415 1826 perfecit,
436 1775 545 1825 quod
565 1782 655 1825 post
682 1774 872 1825 apparuit,
894 1782 937 1813 ut
956 1775 1100 1815 auxilio
1121 1775 1426 1815 Lacedaemonii
1447 1774 1570 1815 socio·
1590 1790 1630 1823 ²5

244 1854 330 1879 rum
350 1839 600 1891 privarentur.

201 1911 224 1950 7
299 1905 436 1944 Fuisse
466 1905 681 1956 patientem
720 1918 961 1957 suorumque
998 1906 1156 1946 iniurias
1189 1908 1378 1946 serentem
1412 1906 1568 1953 civium,

246 1971 355 2021 quod
386 1983 428 2009 se
458 1969 605 2020 patriae
633 1970 745 2009 irasci
775 1972 884 2010 nefas
913 1984 999 2010 esse
1027 1973 1199 2020 duceret,
1227 1973 1326 2011 haec
1354 1979 1445 2011 sunt
1468 1971 1573 2011 testi-

247 2036 393 2075 monia.
449 2049 541 2074 cum
579 2049 670 2075 eum
708 2044 866 2087 propter
903 2036 1090 2076 invidiam
1129 2037 1233 2076 cives
1271 2037 1331 2076 sui
1362 2038 1571 2088 praeficere

248 2100 432 2142 exercitui
461 2100 679 2140 noluissent
708 2102 868 2152 duxque
900 2110 1001 2141 esset
1035 2103 1210 2142 delectus
1233 2102 1326 2142 belli
1355 2101 1568 2152 imperitus,
1590 2113 1631 2145 30

249 2166 360 2206 cuius
393 2180 521 2205 errore
551 2180 601 2205 eo
637 2173 741 2205 esset
772 2167 944 2206 deducta
975 2167 1040 2206 illa
1073 2167 1285 2206 multitudo
1317 2166 1495 2213 militum,
1529 2174 1571 2204 ut

296 2280 331 2302 11
356 2275 565 2311 procreasset
577 2270 607 2302 ς’
696 2280 736 2301 22
763 2270 842 2302 Lac.
859 2270 1026 2302 sociorum
1044 2270 1134 2301 Dan.
1152 2281 1159 2301 :
1184 2280 1252 2302 soc.
1269 2270 1345 2301 Lac.
1366 2269 1428 2301 rell.
1531 2279 1574 2308 29

251 2314 302 2346 sui
320 2325 385 2345 om.
404 2315 434 2346 ς’
563 2324 601 2353 31
628 2313 684 2344 illa
701 2314 791 2346 mult.
813 2314 878 2346 mil.
903 2313 993 2345 Dan.
1020 2313 1071 2345 P:
1097 2314 1152 2346 illa
1175 2313 1246 2346 mil.
1267 2314 1358 2345 mult.
1385 2312 1496 2346 Le1·d.:
1520 2313 1576 2344 illa

251 2358 403 2390 mulitum
419 2357 451 2388 A
467 2368 474 2389 t
499 2367 554 2388 res
570 2357 625 2388 illa
642 2357 711 2389 mil.
730 2357 835 2388 BMR
