1746 2740
748 149 1016 188 EVMENES
1391 148 1550 187 XVIII.
1573 146 1636 184 xii

217 274 300 301 non
332 262 494 302 futuros.
553 261 618 301 hic
646 260 804 312 cognita
833 260 987 301 consilii
1020 261 1223 300 voluntate
1255 267 1389 300 tamen
1422 273 1549 311 usque
1571 275 1590 308 3

215 327 268 367 ad
294 327 507 379 septimum
533 326 641 367 diem
667 326 914 366 deliberandi
940 326 1015 366 sibi
1041 326 1211 378 spatium
1237 325 1404 378 reliquit.
1462 333 1548 365 tum

214 400 360 442 autem,
382 407 473 433 cum
497 392 575 432 iam
595 400 791 432 vereretur
817 406 868 432 ne
894 406 974 444 qua
998 391 1140 432 seditio
1159 391 1351 432 exercitus
1371 390 1546 439 oriretur,

215 458 338 498 vetuit
367 472 610 510 quemquam
639 459 691 497 ad
721 471 812 497 eum
846 457 1003 497 admitti
1036 464 1076 496 et
1108 456 1370 496 cottidianum
1399 456 1547 496 victum

177 540 195 573 5
216 523 407 563 removeri
444 523 578 563 iussit:
621 537 714 562 nam
753 523 922 574 negabat
960 536 1002 562 se
1039 521 1075 562 ei
1106 522 1186 561 vim
1223 523 1444 570 allaturum,
1479 520 1549 573 qui

214 588 430 639 aliquando
460 587 595 628 fuisset
623 587 786 628 amicus.
845 587 910 627 hic
943 595 1076 627 tamen
1110 601 1192 627 non
1224 586 1393 639 amplius
1427 600 1546 638 quam
1569 600 1590 632 4

216 653 388 692 triduum
423 655 526 693 fame
560 653 752 705 fatigatus,
783 667 875 693 curn
909 660 1036 692 castra
1063 660 1325 701 moverentur,
1356 651 1548 692 insciente

217 718 420 769 Antigono
440 718 636 770 iugulatus
656 727 716 758 est
734 732 758 758 a
777 719 1020 758 custodibus.

270 783 334 823 Sic
364 785 564 824 Eumenes
593 798 788 823 annorum
817 797 842 823 v
865 792 904 824 et
933 796 1000 833 XL,
1021 798 1113 824 cum
1139 784 1191 824 ab
1216 798 1324 824 anno
1343 783 1544 832 vicesimo,
1570 797 1615 836 13

160 862 197 884 10
215 847 272 887 uti
301 863 418 900 supra
444 849 701 898 ostendimus,
728 862 786 889 vu
815 863 942 889 annos
972 849 1157 902 Philippo
1185 849 1443 902 apparuisset,
1466 862 1545 889 xm

213 915 321 965 apud
342 915 611 954 Alexandrum
635 916 807 955 eundem
837 916 971 955 locum
997 914 1245 963 obtinuisset,
1266 914 1308 955 in
1337 914 1398 955 his
1422 929 1546 955 unum

214 979 390 1030 equitum
433 981 519 1020 alae
560 979 800 1032 praefuisset,
844 988 934 1032 post
975 987 1109 1020 autem
1147 971 1362 1020 Alexandri
1408 980 1547 1031 Magni

214 1053 382 1084 mortem
402 1044 613 1097 imperator
636 1045 828 1085 exercitus
847 1045 1024 1085 duxisset
1042 1059 1301 1098 summosque
1319 1046 1443 1086 duces
1463 1060 1547 1099 par-

214 1109 285 1148 tim
318 1110 562 1162 reppulisset,
594 1110 735 1162 partim
768 1109 1037 1158 interfecisset,
1072 1117 1211 1162 captus
1245 1125 1326 1150 non
1355 1111 1547 1163 Antigoni

158 1188 196 1221 ¹5
214 1174 366 1223 virtute,
389 1176 460 1215 sed
482 1176 754 1215 Macedonum
775 1174 946 1227 periurio
965 1176 1083 1215 talem
1104 1175 1243 1215 habuit
1262 1175 1410 1216 exitum
1430 1176 1544 1216 vitae.

214 1237 255 1278 in
282 1253 363 1291 quo
388 1247 537 1292 quanta
556 1239 736 1280 omnium
759 1239 875 1280 fuerit
898 1239 1035 1292 opinio
1054 1254 1203 1289 eorum,
1225 1240 1294 1292 qui
1323 1249 1414 1293 post
1432 1243 1547 1282 Alex·
1569 1255 1584 1278 a

213 1305 382 1344 andrum
422 1306 616 1357 Magnum
654 1318 764 1357 reges
801 1312 894 1345 sunt
931 1295 1129 1357 appellati,
1164 1319 1213 1346 ex
1250 1307 1327 1346 hoc
1361 1306 1546 1347 facillime

213 1377 343 1421 potest
376 1368 551 1419 iudicari,
582 1372 705 1422 quod,
733 1383 854 1410 nemo
888 1371 1070 1410 Eumene
1102 1370 1193 1411 vivo
1226 1385 1292 1411 rex
1324 1373 1545 1424 appellatus

213 1443 285 1484 est,
301 1436 372 1475 sed
392 1437 623 1487 praefectus,
641 1436 772 1476 eidem
791 1443 882 1487 post
902 1435 1019 1476 huius
1035 1450 1221 1476 occasum
1242 1437 1372 1477 statim
1394 1437 1543 1490 regium
1566 1452 1584 1484 3

153 1513 195 1537 20
213 1509 395 1540 ornatum
415 1515 644 1553 nomenque
659 1509 912 1553 sumpserunt
927 1515 1069 1554 neque,
1088 1503 1199 1554 quod
1217 1502 1330 1543 initio
1346 1503 1545 1555 praedica-

211 1574 308 1615 rant,
334 1580 376 1607 se
403 1567 617 1607 Alexandri
645 1567 776 1607 liberis
805 1580 970 1619 regnum
999 1581 1162 1618 servare,
1191 1575 1388 1620 praestare
1413 1570 1544 1610 volue-

211 1640 301 1672 runt
320 1640 359 1672 et
379 1646 461 1672 uno
480 1641 771 1685 propugnatore
790 1633 947 1672 sublato
967 1632 1064 1684 quid
1084 1633 1273 1674 sentirent
1292 1643 1540 1686 aperuerunt.

210 1696 326 1736 huius
364 1688 521 1738 sceleris
563 1698 760 1750 principes
802 1699 960 1738 fuerunt
997 1698 1234 1750 Antigonus,
1277 1701 1540 1749 Ptolemaeus,

209 1764 408 1812 Seleucus,
425 1764 696 1815 Lysimachus,
712 1765 969 1805 Cassandrus.
1011 1764 1236 1815 Antigonus
1247 1773 1381 1804 autem
1399 1767 1542 1806 Eume·
1559 1783 1580 1813 4

150 1841 188 1874 ²5
209 1843 301 1869 nem
331 1838 531 1870 mortuum
566 1830 798 1882 propinquis
827 1829 911 1869 eius
945 1829 1223 1882 sepeliundum
1259 1831 1430 1872 tradidit.
1500 1832 1540 1872 hi

209 1895 365 1935 militari
393 1897 643 1947 honestoque
673 1897 823 1945 funere,
842 1896 1058 1936 comitante
1087 1904 1173 1936 toto
1199 1897 1382 1946 exercitu,
1405 1899 1541 1937 huma-

206 1968 346 2000 verunt
384 1974 554 2012 ossaque
591 1961 675 2001 eius
715 1960 754 2000 in
794 1961 1092 2012 Cappadociam
1130 1963 1182 2001 ad
1221 1970 1386 2002 matrem
1419 1970 1539 2015 atque

206 2039 368 2066 uxorem
389 2027 613 2078 liberosque
633 2026 717 2066 eius
737 2028 984 2077 deportanda
1003 2035 1198 2066 curarunt.

261 2156 455 2194 Pnocmn
476 2153 730 2194 Atheniensis
749 2152 822 2193 etsi
851 2166 969 2204 saepe
988 2154 1223 2194 exercitibus
1247 2155 1413 2206 praefuit
1434 2169 1536 2195 sum·
1555 2171 1573 2199 1

145 2230 187 2262 3ο
205 2232 372 2270 mosque
410 2219 658 2271 magistratus
696 2218 811 2270 cepit,
852 2226 984 2258 tamen
1024 2220 1149 2259 multo
1187 2219 1271 2259 eius
1309 2220 1439 2261 notior
1477 2230 1536 2262 est

205 2283 404 2334 integritas
442 2284 544 2323 vitae
582 2297 702 2334 quam
741 2283 793 2322 rei
834 2282 1009 2322 militaris
1051 2284 1172 2324 labor.
1248 2284 1380 2337 itaque
1418 2286 1534 2326 huius

247 2396 266 2426 5
273 2388 343 2461 Λῖιῑ
374 2387 579 2420 Laubmann
737 2397 789 2428 30,
815 2397 853 2427 31
882 2393 933 2418 cst
964 2388 1140 2427 integritas
1166 2399 1186 2420 u
1212 2393 1241 2421 ct
1266 2389 1391 2422 Fleck.:
1428 2391 1530 2431 integ.

205 2435 256 2461 est
