1746 2740
757 118 1025 159 EVMENES
1404 118 1566 157 XVIII.
1588 117 1636 155 ix

218 230 408 280 minuant,
430 230 544 272 tertia
565 230 797 283 perexiguos
823 232 1004 278 reddant,
1023 238 1062 270 et
1085 229 1314 270 assimulata
1332 237 1549 270 castrorum
1569 248 1588 278 4

217 296 508 337 consuetudine
541 296 808 348 suspicionem
843 295 1005 335 iniciant
1038 295 1230 343 hostibus,
1261 294 1308 334 iis
1337 294 1434 334 locis
1463 308 1550 334 esse

218 369 344 401 castra
368 376 416 402 ac
435 363 487 402 de
513 375 650 402 eorum
675 363 850 402 adventu
875 375 963 401 esse
988 359 1307 413 praenuntiatum
1321 375 1332 409 ς
1360 359 1549 412 idemque

217 435 375 478 postera
406 435 525 468 nocte
553 427 709 467 faciant.
767 427 912 479 quibus
945 426 1180 478 imperatum
1214 434 1307 476 erat,
1342 425 1549 477 diligenter
1568 438 1586 472 5

180 506 199 539 5
218 502 471 545 praeceptum
500 501 648 533 curant.
706 493 932 545 Antigonus
960 492 1133 532 tenebris
1155 491 1306 532 obortis
1334 491 1434 543 ignis
1458 505 1548 531 con-

218 559 390 611 spicatur
405 574 413 598 :
428 559 552 599 credit
577 560 628 599 de
648 572 721 598 suo
739 560 914 598 adventu
938 572 1024 598 esse
1042 558 1222 598 auditum
1243 565 1283 598 et
1305 557 1550 598 adversarios

219 624 312 664 illuc
331 638 421 664 suas
440 625 680 665 contraxisse
700 624 845 676 copias.
904 631 1030 663 mutat
1056 623 1266 664 consilium
1286 631 1339 673 et,
1359 623 1549 675 quoniam
1568 628 1589 661 6

219 690 489 742 imprudentes
516 690 660 730 adoriri
689 704 769 730 non
799 698 943 742 posset,
974 690 1097 730 flectit
1125 689 1198 729 iter
1225 703 1341 729 suum
1370 697 1410 729 et
1438 688 1549 728 illum

219 757 438 796 anfractum
464 756 681 808 longiorem
701 756 887 807 copiosae
906 755 992 795 viae
1011 755 1116 807 capit
1143 755 1278 807 ibique
1297 755 1404 795 diem
1425 768 1550 794 unum

163 837 203 861 10
220 822 421 873 opperitur
447 823 500 862 ad
528 821 800 861 lassitudinem
830 822 1048 861 sedandam
1075 821 1245 860 militum
1270 834 1318 861 ac
1338 820 1551 861 reficienda

219 887 406 936 iumenta,
428 901 509 938 quo
529 886 737 938 integriore
755 886 928 927 exercitu
947 888 1187 926 decerneret.

272 952 337 992 Sic
359 954 559 992 Eumenes
578 952 766 992 callidum
786 951 1063 1003 imperatorem
1079 952 1172 992 vicit
1191 951 1359 992 consilio
1379 951 1551 991 celerita-
1570 958 1616 987 10

218 1026 379 1068 temque
399 1017 602 1069 impedivit
622 1017 716 1065 eius,
739 1031 869 1068 neque
889 1025 1021 1057 tamen
1042 1019 1211 1057 multum
1231 1017 1408 1069 profecit.
1457 1030 1550 1056 narn
1572 1031 1587 1053 z

218 1082 367 1122 invidia
394 1084 554 1130 ducum,
585 1096 677 1121 cum
706 1082 851 1133 quibus
880 1090 972 1131 erat,
1003 1082 1247 1134 perfidiaque
1278 1084 1551 1123 Macedonum

164 1163 200 1194 ¹5
218 1155 506 1196 veteranorum,
539 1161 631 1186 cum
664 1147 842 1199 superior
873 1147 1024 1199 proelio
1061 1148 1316 1197 discessisset,
1347 1148 1553 1200 Antigono

218 1220 278 1252 est
303 1212 474 1260 deditus,
495 1225 587 1252 cum
613 1212 804 1252 exercitus
832 1212 868 1253 ei
897 1220 955 1252 ter
979 1220 1072 1253 ante
1095 1213 1283 1265 separatis
1306 1212 1551 1266 temporibus

219 1277 383 1316 iurasset
416 1290 458 1317 se
486 1291 578 1316 eum
611 1278 866 1317 defensurum
901 1292 1031 1329 neque
1064 1292 1256 1330 umquam
1289 1280 1548 1319 deserturum.

218 1343 289 1382 sed
323 1350 431 1382 tanta
463 1341 536 1381 fuit
568 1344 851 1382 nonnullorum
884 1342 1036 1383 virtutis
1070 1343 1317 1392 obtrectatio,
1351 1351 1395 1384 ut
1427 1345 1549 1384 fidem

217 1407 396 1447 amittere
435 1408 596 1447 mallent
633 1421 752 1458 quam
791 1422 883 1448 eum
922 1422 1003 1447 non
1041 1409 1214 1460 perdere.
1284 1416 1405 1460 atque
1442 1411 1550 1449 hunc
1568 1425 1588 1457 3

158 1490 200 1513 20
219 1471 454 1524 Antigonus,
476 1486 568 1511 cum
587 1472 623 1512 ei
651 1472 786 1512 suisset
811 1472 1097 1522 infestissimus,
1119 1482 1404 1524 conservasset,
1423 1474 1455 1514 si
1481 1489 1551 1527 per

219 1551 311 1578 suos
344 1545 447 1577 esset
479 1538 642 1586 licitum,
673 1539 783 1589 quod
813 1538 865 1578 ab
898 1540 1008 1578 nullo
1041 1552 1084 1578 se
1112 1541 1201 1591 plus
1228 1539 1405 1579 adiuvari
1434 1554 1551 1592 posse

218 1603 470 1654 intellegebat
507 1603 548 1642 in
582 1603 628 1643 iis
662 1605 793 1653 rebus,
826 1618 926 1655 quas
959 1597 1190 1656 impendere
1223 1604 1302 1644 iam
1334 1606 1551 1657 apparebat

217 1668 414 1708 omnibus.
473 1668 736 1710 imminebant
762 1658 868 1709 enim
895 1671 1095 1718 Seleucus,
1122 1669 1393 1721 Lysimachus,
1424 1672 1552 1711 Ptole-

218 1748 366 1782 maeus,
383 1734 526 1786 opibus
547 1735 624 1774 iam
640 1737 826 1783 valentes,
844 1749 936 1774 curn
957 1735 1101 1786 quibus
1121 1734 1157 1774 ei
1177 1736 1228 1775 de
1248 1735 1414 1775 summis
1433 1736 1551 1775 rebus

161 1817 199 1849 ²5
219 1808 299 1839 erat
328 1799 612 1839 dimicandum.
671 1801 742 1840 sed
771 1814 852 1839 non
887 1799 991 1851 passi
1025 1807 1116 1839 sunt
1144 1799 1170 1838 ii
1199 1799 1267 1851 qui
1295 1799 1399 1839 circa
1427 1809 1551 1850 erant,
1569 1819 1590 1850 4

219 1866 328 1916 quod
348 1864 537 1904 videbant
567 1867 748 1904 Eumene
768 1873 927 1916 recepto
950 1865 1081 1904 omnis
1109 1878 1201 1916 prae
1225 1864 1293 1904 illo
1318 1865 1425 1916 parvi
1451 1866 1552 1905 futu-

219 1943 293 1968 ros.
351 1929 435 1981 ipse
472 1938 605 1969 autem
641 1929 865 1980 Antigonus
903 1931 1006 1969 adeo
1044 1937 1126 1969 erat
1163 1929 1359 1978 incensus,
1395 1938 1438 1970 ut
1476 1930 1550 1970 nisi

220 2007 362 2044 magna
382 2008 452 2045 spe
473 1994 731 2034 maximarum
751 2008 879 2034 rerum
901 1994 1011 2034 leniri
1033 2008 1114 2033 non
1134 2003 1278 2046 posset.

276 2060 418 2110 Itaque
450 2073 541 2098 cum
580 2073 671 2098 eum
710 2059 750 2098 in
784 2059 1006 2099 custodiam
1041 2060 1216 2100 dedisset
1254 2069 1293 2100 et
1330 2064 1550 2114 praefectus
1570 2076 1607 2104 11

160 2141 205 2175 30
222 2125 433 2163 custodum
462 2124 690 2175 quaesisset,
721 2139 839 2176 quem
868 2126 920 2164 ad
953 2126 1117 2165 modum
1151 2126 1293 2166 servari
1325 2129 1452 2176 vellet,
1487 2133 1551 2169 ‘ut

221 2189 454 2229 acerrimum
468 2192 476 2208 ’
496 2190 625 2241 inquit
647 2192 826 2230 ‘leonem
846 2198 914 2230 aut
940 2191 1226 2231 ferocissimum
1247 2193 1503 2244 elephantum
1518 2197 1550 2235 ἐ

268 2302 280 2322 1
307 2298 343 2324 ut
358 2293 542 2326 assimilata
557 2292 763 2326 Laubmann
907 2305 928 2335 3
954 2295 1102 2336 itemque
1119 2296 1240 2328 ABPu
1383 2301 1404 2331 8
1428 2299 1551 2340 impru-

221 2336 343 2368 dentes
358 2336 477 2370 Lamb.
497 2349 504 2369 :
527 2337 776 2378 imprudentem
792 2338 881 2371 codd.
1006 2349 1045 2370 12
1070 2339 1128 2371 Sic
1145 2339 1356 2383 Heusinger:
1379 2342 1435 2374 hie
1456 2343 1547 2376 codd.

226 2389 262 2419 13
286 2390 396 2420 neque
408 2380 449 2412 H
460 2392 468 2413 :
492 2392 554 2414 nec
571 2382 639 2415 rell.

1424 2447 1464 2476 6*
