1746 2740
150 116 197 155 X.
220 125 250 153 x
633 114 888 155 CORNELI
918 114 1159 155 NEPOTIS

232 227 366 267 cordia
385 226 480 267 odio
499 233 750 274 successerat,
772 232 816 265 ut
835 239 927 266 eum
947 226 1021 266 su'o
1041 225 1232 277 sanguine
1250 226 1302 267 ab
1322 227 1562 275 Acherunte,

195 308 214 338 3
232 292 264 332 si
288 300 460 344 possent,
483 300 673 344 cuperent
693 292 899 332 redimere.
955 291 1090 343 itaque
1116 291 1157 331 in
1183 292 1280 332 urbe
1306 292 1564 332 celeberrimo

233 358 333 406 loco,
355 358 480 397 elatus
499 356 670 408 publice,
692 357 861 408 sepulcri
881 364 1144 396 monumento
1159 358 1331 396 donatus
1343 364 1413 396 est.
1454 356 1562 396 diem

232 421 332 461 obiit
359 421 512 462 circiter
538 435 665 461 annos
693 433 744 460 Lv
769 429 896 469 natus,
924 429 1107 472 quartum
1134 429 1224 473 post
1251 434 1415 470 annum,
1442 433 1562 473 quam

233 499 280 526 ex
301 488 579 538 Peloponneso
598 485 640 525 in
660 485 833 526 Siciliam
853 485 1031 526 redierat.
1582 504 1601 538 5

199 627 216 655 1
290 615 546 654 IPfflcRATEs
565 611 821 652 Atheniensis
848 625 930 651 non
958 618 1039 651 tam
1060 611 1334 663 magnitudine
1352 625 1482 652 rerum
1500 624 1565 663 ge·

232 686 381 719 starum
401 692 522 730 quam
541 678 751 729 disciplina
771 677 928 717 militari
959 676 1190 722 nobilitatus
1221 685 1291 717 est.
1349 677 1422 716 fuit
1455 676 1563 716 enim

233 744 320 784 talis
339 745 429 792 dux,
458 751 501 783 ut
530 757 611 783 non
640 744 770 782 solum
797 742 936 782 aetatis
965 755 1060 781 suae
1087 755 1179 781 cum
1203 741 1338 794 primis
1364 754 1565 793 compara-

232 816 347 857 retur,
369 810 439 848 sed
465 822 516 848 ne
539 810 590 848 de
613 807 827 847 maioribus
852 816 948 846 natu
974 807 1137 858 quidem
1162 807 1371 859 quisquam
1403 814 1564 857 antepo-

195 892 211 913 2
233 881 399 914 neretur.
457 875 626 913 multum
641 886 734 912 vero
747 872 787 912 in
802 873 906 912 bello
919 880 978 912 est
993 881 1177 920 versatus,
1196 886 1314 923 saepe
1328 871 1563 911 exercitibus
1583 886 1622 910 10

233 938 409 991 praefuit,
441 952 637 990 nusquam
666 939 783 989 culpa
811 939 913 976 male
942 951 1024 976 rem
1052 937 1182 989 gessit,
1213 950 1368 988 semper
1395 935 1563 976 consilio

232 1003 325 1044 vicit
344 1011 577 1055 tantumque
596 1016 645 1043 eo
664 1002 796 1051 valuit,
819 1010 862 1042 ut
881 1004 1006 1042 multa
1024 1002 1066 1042 in
1081 1017 1121 1042 re
1135 1001 1291 1041 militari
1303 1001 1444 1054 partim
1459 1015 1563 1041 nova

194 1086 213 1119 3
232 1069 415 1118 attulerit,
454 1068 595 1120 partim
634 1068 798 1108 meliora
834 1067 979 1107 fecerit.
1051 1081 1226 1119 namque
1264 1067 1329 1107 ille
1365 1066 1563 1118 pedestria

232 1148 341 1174 arma
354 1134 530 1174 mutavit.
589 1147 681 1173 cum
696 1141 788 1174 ante
803 1133 914 1172 illum
927 1133 1204 1185 imperatorem
1221 1132 1400 1173 maximis
1413 1131 1560 1184 clipeis,

193 1213 214 1244 4
232 1199 416 1239 brevibus
445 1199 580 1248 hastis,
608 1199 770 1238 minutis
799 1199 938 1250 gladiis
970 1206 1181 1248 uterentur,
1216 1198 1281 1239 ille
1311 1213 1334 1239 e
1366 1197 1562 1239 contrario
1583 1211 1622 1245 ¹5

231 1266 378 1316 peltam
411 1277 483 1316 pro
513 1277 649 1316 parma
682 1263 775 1304 fecit
809 1264 850 1316 (a
886 1277 968 1315 quo
1005 1272 1144 1315 postea
1180 1266 1371 1316 peltastae
1408 1262 1562 1315 pedites

231 1330 506 1381 appellantur),
539 1336 582 1368 ut
619 1329 671 1368 ad
713 1336 854 1370 motus.
882 1342 1178 1380 concursusque
1216 1336 1348 1368 essent
1384 1328 1562 1377 leviores,

231 1395 367 1434 hastae
405 1394 570 1433 modum
609 1393 834 1445 duplicavit,
869 1393 1022 1445 gladios
1059 1394 1255 1446 longiores
1292 1394 1395 1434 feeit.
1453 1393 1562 1433 idem

231 1473 355 1511 genus
385 1458 593 1499 loricarum
624 1466 663 1499 et
693 1472 765 1511 pro
795 1459 906 1498 sertis
942 1467 1063 1511 atque
1095 1459 1228 1500 aeneis
1260 1459 1400 1499 linteas
1437 1458 1559 1499 dedit.

229 1537 313 1576 quo
341 1526 445 1564 facto
474 1524 735 1575 expeditiores
765 1524 908 1564 milites
937 1525 1136 1565 reddidit:
1170 1539 1262 1565 nam
1291 1526 1469 1578 pondere
1496 1525 1562 1564 de·
1581 1536 1623 1560 20

231 1598 370 1639 tracto,
389 1591 499 1641 quod
519 1602 644 1641 aeque
664 1603 807 1641 corpus
827 1597 974 1641 tegeret
993 1598 1032 1630 et
1052 1592 1137 1630 leve
1156 1598 1273 1640 esset,
1292 1590 1452 1630 curavit.

188 1670 213 1698 2
286 1657 442 1695 Bellum
472 1668 563 1695 cum
594 1654 816 1695 Thracibus
846 1655 994 1706 gessit;
1022 1657 1222 1703 Seuthem,
1257 1655 1409 1694 socium
1439 1655 1563 1694 Athe-

231 1719 439 1768 niensium,
461 1719 501 1759 in
521 1732 684 1770 regnum
705 1720 883 1760 restituit.
927 1722 1035 1772 apud
1051 1720 1287 1761 Corinthum
1301 1728 1410 1759 tanta
1425 1719 1562 1760 severi-

231 1792 310 1824 tate
329 1784 515 1824 exercitui
535 1784 714 1836 praefuit,
736 1792 779 1824 ut
805 1786 936 1824 nullae
963 1799 1153 1836 umquam
1178 1785 1218 1824 in
1245 1784 1412 1825 Graecia
1430 1797 1561 1835 neque

232 1849 518 1889 exercitatiores
547 1849 686 1900 copiae
719 1863 849 1901 neque
883 1850 1006 1901 magis
1037 1850 1146 1890 dicto
1179 1850 1385 1890 audientes
1418 1849 1560 1889 fuerint
1579 1847 1620 1894 '25

197 1930 211 1953 2
232 1915 336 1963 duci,
367 1915 407 1954 in
437 1928 605 1966 eamque
634 1915 965 1955 consuetudinem
1000 1916 1175 1965 adduxit,
1210 1924 1264 1964 ut,
1297 1929 1389 1955 curn
1422 1914 1561 1966 proelii

232 1980 386 2031 signum
417 1980 468 2019 ab
502 1980 736 2032 imperatore
769 1988 872 2020 esset
905 1981 1056 2029 datum,
1090 1980 1174 2020 sine
1204 1981 1317 2020 ducis
1355 1993 1475 2031 opera
1504 1978 1560 2018 sic

232 2044 435 2084 ordinatae
464 2044 733 2092 consisterent,
765 2052 808 2083 ut
837 2044 979 2096 singuli
1007 2058 1030 2084 a
1059 2045 1296 2096 peritissimo
1324 2045 1559 2095 imperatore

194 2125 212 2156 3
231 2109 410 2160 dispositi
440 2109 674 2149 viderentur.
734 2111 811 2149 hoc
841 2109 1012 2149 exercitu
1043 2123 1193 2149 moram
1226 2108 1559 2149 Lacedaemonio-

232 2187 317 2213 rum
351 2173 558 2222 interfecit,
577 2175 685 2225 quod
713 2173 881 2213 maxime
910 2181 993 2212 tota
1018 2174 1258 2213 celebratum
1287 2181 1346 2212 est
1380 2172 1554 2212 Graecia.
1575 2185 1620 2217 30

231 2238 371 2277 iterum
392 2240 535 2278 eodem
556 2239 661 2278 bello
684 2252 823 2278 omnes
849 2238 983 2289 copias
1012 2251 1148 2278 eorum
1174 2238 1331 2289 fugavit,
1353 2251 1434 2288 quo
1454 2239 1558 2276 facto

279 2352 315 2391 ¹.7
336 2341 599 2415 Ξῧέεῐίειὸειηῐυι·
623 2340 725 2373 Fleck.
858 2341 902 2371 26
925 2340 1055 2372 induxit
1084 2339 1174 2372 Leid.
1199 2340 1254 2371 Pu
1394 2350 1440 2380 30
1455 2340 1558 2371 inter-

230 2389 319 2424 cepit
