1746 2740
159 523 177 555 5

15 480 25 491 ,γ

0 522 22 564 ἱ.

2 596 6 605 Ι
12 575 18 598 q:

0 609 19 640 ᾖ»

0 651 21 709 ἓ

0 740 17 793 ξ

629 133 1078 174 THEMISTOCLES
1477 135 1532 174 11.
1551 134 1585 174 ii

199 246 421 296 Corcyraeo
437 260 445 284 :
473 246 527 284 ad
545 246 655 296 quod
677 246 895 296 gerendum
915 252 1071 296 praetor
1088 258 1114 284 a
1131 247 1283 297 populo
1301 247 1428 285 factus
1447 259 1530 285 non

197 312 326 350 solum
347 310 544 363 praesenti
563 310 680 359 bello,
697 311 769 350 sed
789 310 908 350 etiam
927 310 1080 362 reliquo
1098 318 1278 362 tempore
1297 310 1531 351 ferociorem

197 376 371 416 reddidit
402 376 613 416 civitatem.
682 390 774 415 nam
809 390 902 415 cum
939 375 1110 428 pecunia
1141 376 1315 428 publica,
1347 390 1450 428 quae
1482 391 1531 416 ex
1553 391 1568 414 2

197 442 365 482 metallis
384 442 549 490 redibat,
566 441 772 493 largitione
791 441 1091 493 magistratuum
1110 441 1324 493 quotannis
1343 441 1527 490 interiret,

197 507 262 548 ille
286 508 480 560 persuasit
507 509 658 560 populo
684 515 728 547 ut
753 522 800 548 ea
825 507 996 559 pecunia
1021 507 1156 547 classis
1182 515 1343 548 centum
1370 507 1530 547 navium

196 574 479 614 aedificaretur.
537 587 617 625 qua
642 573 820 613 celeriter
837 574 978 612 effecta
1000 572 1171 624 primum
1193 574 1434 624 Corcyraeos
1460 573 1532 612 fre·
1550 581 1568 613 3

196 639 262 690 git,
292 639 440 679 deinde
468 638 686 678 maritimos
714 640 936 690 praedones
964 639 1235 678 consectando
1264 652 1371 677 mare
1400 645 1529 678 tutum

198 706 379 746 reddidit.
438 706 479 745 in
508 720 589 758 quo
617 720 709 745 curn
738 706 884 746 divitiis
918 706 1082 754 ornavit,
1113 714 1197 746 tum
1231 706 1349 746 etiam
1383 705 1532 758 peritis-

197 771 319 811 simos
357 771 451 812 belli
488 771 637 811 navalis
670 772 763 812 fecit
796 771 1072 812 Athenienses.
1131 771 1173 811 id
1211 780 1382 824 quantae
1415 770 1531 811 saluti
1548 781 1570 812 4

139 849 179 872 10
199 837 312 894 fuerit
330 838 536 877 universae
556 838 757 887 Graeciae,
779 839 885 878 bello
905 837 1109 890 cognitum
1129 845 1189 877 est
1209 837 1378 878 Persico.
1435 851 1529 876 nam

139 1175 176 1207 1⁵

132 1508 176 1530 >20

197 917 288 942 cum
330 905 479 943 Xerxes
516 911 556 943 et
593 903 691 943 mari
728 911 767 943 et
805 911 906 943 terra
943 903 1092 942 bellum
1130 903 1335 942 universae
1372 902 1531 942 inferret

197 971 380 1020 Europae
406 983 498 1008 cum
522 969 642 1009 tantis
667 969 803 1021 copiis,
827 978 996 1021 quantas
1022 983 1154 1021 neque
1173 978 1265 1009 ante
1291 983 1365 1009 nec
1391 977 1531 1020 postea

195 1034 334 1074 habuit
362 1034 598 1086 quisquam:
636 1034 754 1074 huius
781 1034 887 1074 enim
912 1034 1048 1074 classis
1071 1035 1178 1074 mille
1202 1042 1241 1073 et
1267 1036 1528 1074 ducentarum
1549 1047 1567 1078 5

195 1098 354 1138 navium
380 1101 586 1150 longarum
613 1099 697 1148 fuit,
720 1113 841 1151 quam
865 1101 947 1139 duo
972 1099 1080 1138 milia
1099 1099 1365 1139 onerariarum
1392 1113 1528 1150 seque-

195 1163 348 1211 bantur,
382 1172 579 1204 terrestres
612 1173 746 1204 autem
779 1164 972 1204 exercitus
1006 1166 1089 1204 ffffc
1121 1164 1312 1216 peditum,
1348 1164 1527 1216 equiturn

195 1242 296 1269 cccc
330 1232 496 1270 fuerunt.
555 1230 667 1271 cuius
700 1233 752 1272 de
785 1233 960 1271 adventu
994 1245 1085 1270 curn
1115 1232 1220 1270 fama
1250 1230 1289 1269 in
1320 1229 1526 1270 Graeciam
1546 1236 1567 1268 6

194 1303 296 1335 esset
316 1298 464 1348 perlata
482 1305 522 1336 et
541 1297 711 1337 maxime
730 1297 998 1337 Athenienses
1021 1296 1102 1348 peti
1122 1296 1347 1336 dicerentur
1369 1304 1528 1347 propter

193 1374 365 1412 pugnam
393 1362 700 1410 Marathoniam,
727 1363 919 1402 miserunt
947 1363 1128 1414 Delphos
1156 1363 1394 1410 consultum,
1417 1360 1527 1413 quid-

194 1440 285 1466 nam
306 1428 479 1467 facerent
503 1429 556 1468 de
580 1428 698 1468 rebus
721 1428 812 1468 suis.
872 1428 1183 1468 deliberantibus
1205 1427 1345 1478 Pythia
1364 1441 1526 1478 respon-

193 1492 262 1541 dit,
293 1502 336 1533 ut
365 1493 575 1534 moenibus
603 1494 742 1546 ligneis
771 1509 813 1534 se
840 1494 1052 1534 munirent.
1111 1493 1153 1533 id
1181 1507 1415 1544 responsum
1445 1499 1564 1543 quo7

193 1560 338 1599 valeret
362 1573 454 1598 cum
481 1559 724 1611 intellegeret
749 1574 881 1610 nemo,
903 1560 1195 1600 Themistocles
1222 1558 1415 1611 persuasit
1434 1573 1526 1598 con·
1577 1583 1582 1587 -

193 1623 322 1663 silium
337 1638 424 1664 esse
436 1624 645 1675 Apollinis,
664 1633 707 1664 ut
726 1624 767 1663 in
787 1639 907 1664 naves
927 1639 969 1664 se
989 1639 1139 1676 suaque
1155 1626 1378 1664 conferrent
1394 1639 1402 1663 ι
1432 1638 1523 1663 eum

192 1688 299 1728 enim
327 1703 351 1728 a
379 1691 457 1729 deo
486 1690 695 1741 significari
725 1705 881 1730 murum
908 1690 1094 1742 ligneum.
1152 1690 1220 1729 tali
1246 1689 1413 1730 consilio
1439 1704 1525 1741 pro·
1544 1697 1563 1727 8

193 1754 287 1793 bato
314 1755 469 1793 addunt
496 1756 549 1794 ad
578 1755 797 1806 superiores
826 1755 994 1794 totidem
1024 1769 1143 1794 naves
1170 1754 1345 1793 triremes
1374 1768 1525 1805 suaque

193 1819 340 1867 omnia,
379 1834 481 1870 quae
523 1820 671 1859 moveri
715 1828 911 1872 poterant,
948 1820 1090 1872 partim
1133 1820 1342 1868 Salamina,
1382 1819 1523 1871 partim

193 1886 395 1924 Troezena
432 1886 666 1936 deportant:
713 1900 843 1925 arcem
882 1885 1155 1925 sacerdotibus
1192 1885 1408 1937 paucisque
1446 1899 1523 1925 ma-

193 1947 340 1988 ioribus
369 1958 464 1989 natu
493 1963 603 1990 sacra
630 1952 879 2002 procuranda
908 1952 1077 1998 tradunt,
1107 1950 1302 2002 reliquum
1328 1950 1522 2002 oppidum

191 2014 430 2066 relinquunt.

234 2121 257 2151 6
277 2131 344 2161 qua
375 2121 506 2162 quaeA
525 2132 614 2162 :que
627 2121 661 2152 P
760 2133 799 2153 12
815 2122 923 2163 copiis
943 2133 1018 2154 eam
1032 2123 1123 2163 (eam
1137 2132 1213 2163 cop.
1224 2121 1285 2153 M:
1302 2132 1374 2153 cam
1391 2133 1456 2154 om.
1471 2121 1520 2162 R)

191 2163 316 2196 inuasit
381 2165 460 2197 Ru:
485 2176 559 2206 cop.
581 2166 675 2197 uenit
690 2165 765 2198 dett.
866 2176 904 2206 15
928 2165 1100 2198 terrestris
1123 2165 1194 2198 dett.
1286 2175 1349 2197 Dcc
1363 2165 1452 2197 Dan.
1467 2165 1522 2197 B:

192 2216 312 2239 nccum
329 2210 361 2240 A
381 2220 388 2240 :
413 2210 473 2240 dcc
487 2211 663 2250 (suprascr.
679 2221 709 2241 m
724 2229 727 2240 ι
743 2209 777 2240 Ρ
787 2222 794 2242 :
819 2211 881 2241 dec
895 2210 1073 2251 (suprascr.
1091 2211 1138 2249 m)
1158 2209 1192 2239 R
1209 2221 1217 2241 ε
1241 2219 1305 2241 nce
1318 2208 1408 2240 milia
1420 2209 1516 2241 schol.

190 2251 339 2284 Bobt'ens.
359 2252 406 2283 ad
421 2252 482 2285 Cic.
494 2259 557 2294 pru
573 2253 658 2285 Scst.
675 2253 708 2285 ii.
726 2264 786 2293 311
806 2266 812 2285 :
837 2254 1130 2294 septingentorum
1148 2253 1278 2284 milium
1303 2252 1366 2283 Mu
1481 2254 1520 2283 16

191 2304 271 2326 cccc
296 2296 472 2335 (suprascr.
501 2297 548 2335 m)
575 2297 630 2328 R:
665 2307 744 2328 cccc
767 2297 859 2330 Dan.
884 2300 914 2328 et
935 2297 1030 2329 schol.
1056 2297 1159 2328 Bob.:
1197 2297 1520 2337 quadringentorum

192 2339 318 2370 milium
334 2338 397 2370 Mu
495 2350 537 2380 25
564 2340 767 2372 Salaminam
783 2340 888 2379 codd„
905 2346 934 2372 ct
957 2342 1002 2372 sic
1024 2346 1153 2382 semper
1246 2341 1291 2372 26
1312 2340 1519 2372 Troezenam

190 2382 345 2415 ABPR:
365 2394 434 2415 -em
446 2383 506 2416 M:
526 2384 701 2416 Troecena
719 2395 740 2415 u
824 2390 960 2425 portant
972 2385 1026 2416 B:
1046 2388 1223 2426 asportant
1237 2383 1311 2416 MR
1418 2394 1459 2424 27
1478 2383 1521 2415 ad

191 2436 285 2458 sacra
301 2427 441 2466 quidam
459 2427 552 2469 apud
564 2426 685 2460 Lamo.
