1746 2740
149 123 284 169 XVII.
307 141 338 168 v
638 130 890 178 CORNELI
922 129 1161 171 NEPOTIS

234 241 391 281 venire:
429 254 471 281 se
501 241 606 281 enim
636 255 728 281 eum
752 254 838 281 esse
864 241 972 289 dixit,
995 241 1063 292 qui
1088 242 1140 281 ad
1165 241 1339 281 officium
1364 240 1565 292 peccantis

235 306 360 346 redire
398 314 567 358 cogeret,
607 320 689 346 non
736 306 804 357 qui
851 306 968 345 urbes
1014 305 1280 346 nobilissimas
1327 313 1566 357 expugnaret

195 386 215 417 4
236 371 435 411 Graeciae.
497 375 506 392 ‘
519 385 611 410 nam
632 371 686 410 si'
705 371 834 422 inquit
856 375 866 392 ⁴
878 384 947 411 eos
966 371 1211 423 exstinguere
1230 371 1479 419 voluerimus,
1496 370 1565 422 qui

235 435 444 475 nobiscum
482 438 669 476 adversus
707 437 895 476 barbaros
933 444 1135 484 steterunt,
1174 444 1331 476 nosmet
1376 435 1451 487 ipsi
1490 449 1565 475 nos

235 501 586 553 expugnaverimus
606 501 681 540 illis
702 501 1007 553 quiescentibus.
1067 515 1149 553 quo
1163 503 1269 541 facto
1288 501 1372 540 sine
1392 501 1562 553 negotio,
1583 515 1602 547 5

234 579 325 605 cum
346 566 554 615 voluerint,
573 580 646 606 nos
667 566 914 618 oppriment.’

186 633 214 671 6
290 631 453 671 Interim
492 631 636 671 accidit
676 631 740 670 illa
779 631 980 671 calamitas
1017 633 1125 683 apud
1163 633 1333 671 Leuctra
1370 631 1566 671 Lacedae-

234 696 388 736 moniis.
411 729 414 731 .
448 710 529 748 quo
558 710 608 736 ne
634 696 957 747 proficisceretur,
979 710 1070 736 cum
1090 710 1114 735 a
1137 696 1334 748 plerisque
1354 697 1404 736 ad
1423 709 1566 735 exeun-

233 762 328 801 dum
367 770 617 813 premeretur,
658 770 701 801 ut
739 761 771 800 si
809 764 860 802 de
898 762 1003 801 exitu
1041 762 1245 809 divinaret,
1284 761 1388 801 exire
1423 760 1561 800 noluit.

233 826 352 875 idem,
375 840 466 866 cum
489 826 787 878 Epaminondas
811 829 991 878 Spartam
1011 834 1257 878 oppugnaret
1276 834 1459 876 essetque
1479 825 1563 864 sine
1584 838 1625 861 ιο

234 891 354 931 muris
374 891 579 943 oppidum,
601 893 720 931 talem
747 905 788 931 se
812 891 1088 942 imperatorem
1117 891 1306 942 praebuit,
1329 898 1372 930 ut
1395 904 1444 930 eo
1469 898 1564 929 tem-

233 970 328 1008 pore
352 957 538 997 omnibus
564 957 798 1008 apparuerit,
821 957 896 996 nisi
923 956 988 996 ille
1017 956 1164 1006 fuisset,
1187 958 1367 1007 Spartam
1393 957 1563 995 futuram

197 1037 211 1059 2
235 1036 315 1061 non
337 1022 467 1062 fuisse.
526 1021 566 1061 in
586 1035 667 1074 quo
680 1021 842 1073 quidem
863 1021 1090 1062 discrimine
1110 1021 1287 1061 celeritas
1306 1021 1391 1060 eius
1410 1020 1564 1060 consilii

234 1087 349 1127 saluti
395 1087 467 1127 fuit
512 1087 713 1127 universis.
789 1101 882 1127 nam
929 1101 1022 1127 cum
1068 1087 1231 1138 quidam
1276 1085 1564 1126 adulescentuli

233 1152 407 1193 hostium
434 1154 607 1192 adventu
631 1153 822 1205 perterriti
841 1154 893 1193 ad
920 1153 1136 1194 Thebanos
1161 1154 1400 1204 transfugere
1419 1152 1564 1191 vellent
1585 1164 1621 1198 ¹5

234 1226 272 1258 et
303 1220 435 1258 locum
463 1226 569 1258 extra
595 1219 734 1258 urbem
754 1219 905 1258 editum
926 1218 1134 1270 cepissent,
1157 1218 1372 1269 Agesilaus,
1394 1216 1462 1268 qui
1482 1231 1565 1268 per-

234 1283 537 1323 niciosissimum
553 1285 635 1323 fore
650 1283 811 1331 videret,
827 1283 860 1323 si
874 1284 1191 1323 animadversum
1204 1291 1307 1323 esset
1321 1296 1563 1334 quemquam

232 1349 284 1388 ad
310 1348 434 1387 hostis
464 1350 704 1399 transfugere
730 1348 876 1397 conari,
898 1362 990 1388 cum
1015 1348 1094 1388 suis
1118 1362 1167 1388 eo
1186 1348 1292 1387 venit
1314 1355 1445 1399 atque,
1468 1355 1511 1386 ut
1530 1347 1563 1386 si

233 1413 343 1452 bono
370 1413 505 1453 animo
532 1413 729 1462 fecissent,
749 1413 922 1453 laudavit
942 1413 1150 1454 consilium
1171 1426 1319 1460 eorum,
1341 1413 1450 1463 quod
1471 1426 1562 1451 eum

232 1479 364 1517 locum
394 1486 682 1529 occupassent:
720 1486 759 1518 et
788 1492 829 1518 se
856 1478 897 1518 id
923 1492 1084 1530 quoque
1110 1478 1190 1517 fieri
1215 1478 1361 1517 debere
1388 1477 1563 1516 animad-
1583 1489 1622 1511 20

194 1558 212 1589 3
233 1543 402 1583 vertisse.
462 1544 518 1583 sic
545 1545 821 1583 adulescentes
852 1544 1034 1583 simulata
1063 1543 1291 1583 laudatione
1321 1541 1563 1593 recuperavit

232 1616 271 1648 et
285 1608 482 1648 adiunctis
496 1610 547 1648 de
562 1608 642 1648 suis
657 1608 869 1648 comitibus
881 1610 1014 1648 locum
1030 1616 1159 1648 tutum
1175 1607 1340 1658 reliquit.
1389 1619 1563 1658 namque

232 1673 286 1712 illi
312 1681 430 1713 aucto
455 1687 621 1714 numero
647 1687 795 1721 eorum,
824 1673 893 1725 qui
919 1681 1096 1725 expertes
1125 1680 1236 1713 erant
1255 1671 1429 1719 consilii,
1456 1684 1562 1711 com-

234 1752 391 1778 movere
429 1753 471 1778 se
510 1753 591 1779 non
630 1747 722 1778 sunt
758 1739 844 1778 ausi
881 1752 1010 1790 eoque
1047 1737 1245 1786 libentius,
1285 1738 1395 1789 quod
1441 1738 1562 1776 latere

232 1803 521 1843 arbitrabantur
541 1818 642 1855 quae
662 1803 937 1855 cogitaverant.
1580 1815 1620 1849 25

189 1874 212 1914 7
286 1868 379 1908 Sine
408 1869 533 1909 dubio
562 1877 651 1920 post
690 1869 937 1909 Leuctricam
975 1883 1148 1922 pugnam
1183 1867 1490 1909 Lacedaemonii
1518 1881 1561 1907 se

233 1948 451 1985 numquam
483 1936 701 1974 refecerunt
725 1949 856 1986 neque
884 1935 1091 1987 pristinum
1120 1934 1328 1986 imperium
1362 1947 1562 1985 recupera-

233 2006 332 2047 runt,
351 2013 442 2038 cum
456 1998 609 2039 interim
626 2013 843 2051 numquam
857 2000 1062 2051 Agesilaus
1074 2000 1224 2040 destitit
1244 1999 1560 2051 quibuscumque

196 2077 211 2099 2
233 2063 349 2102 rebus
369 2071 502 2114 posset
522 2063 687 2115 patriam
708 2063 850 2104 iuvare.
909 2078 1000 2103 nam
1021 2078 1112 2104 cum
1136 2064 1346 2115 praecipue
1367 2065 1561 2103 Lacedae-

234 2127 356 2168 monii
372 2127 592 2179 indigerent
606 2128 788 2179 pecunia,
804 2128 868 2168 ille
883 2129 1079 2176 omnibus,
1096 2129 1163 2180 qui
1178 2142 1202 2167 a
1221 2142 1309 2178 rege
1322 2129 1556 2175 defecerant,
1578 2138 1619 2170 30

279 2242 290 2261 1
319 2231 405 2263 dixit
420 2231 488 2263 secl.
503 2231 603 2263 Fleck.
710 2242 727 2272 7
754 2232 897 2263 Leuctra
915 2243 953 2264 u:
979 2232 1156 2268 Leuctram
1173 2232 1256 2272 (-um
1274 2231 1322 2271 Β)
1335 2231 1425 2263 codd.
1537 2243 1559 2272 9

232 2275 325 2305 exire
343 2274 468 2315 noluit]
486 2275 719 2306 ualetudinem
736 2276 913 2307 excusauit
930 2274 1040 2306 Halm
1143 2286 1186 2306 20
1209 2280 1243 2306 et
1259 2285 1295 2306 se
1311 2285 1446 2315 quoque
1463 2275 1496 2306 id
1509 2274 1555 2307 ed.

235 2317 421 2358 Vulps'ana:
447 2318 481 2349 id
507 2329 545 2350 se
570 2329 708 2359 quoque
733 2319 834 2351 Fleck.
968 2329 1007 2350 21
1034 2319 1262 2350 adulescentis
1287 2317 1364 2349 Pu:
1398 2319 1476 2350 -ulis
1499 2319 1531 2349 A
1551 2330 1559 2350 ε

233 2360 320 2392 -ulos
341 2362 371 2393 ς’
502 2372 544 2402 23
567 2363 657 2393 aucti
686 2362 830 2394 Rosius:
861 2362 994 2393 adiecto
1019 2362 1128 2393 Halm
1270 2363 1312 2394 28
1336 2362 1469 2393 interim
1491 2362 1555 2402 Ag.
1731 2353 1738 2392 l

233 2414 301 2435 non
319 2404 404 2437 dest.
417 2405 446 2436 ς’
465 2405 660 2446 <numquam
677 2416 743 2437 om.
763 2406 813 2446 A)
1731 2401 1739 2446 Ῐ
