1746 2740
131 865 167 887 10

131 1518 171 1541 20

134 1846 172 1878 ²5

134 2170 175 2202 30

694 152 997 191 HANNIBAL
1358 122 1530 189 xxm.
1548 147 1595 186 ix

179 277 314 303 secum
349 264 557 315 pecuniam
593 265 784 315 portabat,
820 266 871 304 de
903 277 981 315 qua
1011 263 1161 303 sciebat
1194 262 1318 302 exisse
1352 263 1509 301 famam.

179 329 312 380 itaque
341 329 446 380 capit
476 331 552 369 tale
582 329 802 369 consilium.
861 330 1072 380 amphoras
1096 329 1319 380 complures
1339 329 1513 378 complet
1532 342 1550 374 3

180 395 357 445 plumbo,
381 408 555 434 summas
582 394 708 446 operit
731 408 827 434 auro
851 402 890 434 et
917 401 1090 445 argento.
1149 395 1220 433 has
1241 391 1513 444 praesentibus

180 459 424 511 principibus
455 459 620 511 deponit
654 460 694 499 in
729 461 879 512 templo
920 459 1083 508 Dianae,
1117 458 1306 499 simulans
1345 472 1386 498 se
1424 471 1514 497 suas

181 525 356 564 fortunas
377 525 531 565 illorum
553 524 646 564 fidei
675 527 845 565 credere.
904 525 964 564 his
985 524 1024 564 in
1045 538 1214 564 errorem
1241 523 1414 564 inductis
1443 531 1515 563 sta-

182 598 268 628 tuas
297 604 451 637 aeneas,
474 604 572 641 quas
593 603 727 630 secum
749 591 941 641 portabat,
965 603 1104 629 omnes
1132 603 1202 629 sua
1221 588 1392 641 pecunia
1410 602 1515 628 com-

183 656 264 706 plet
295 669 440 705 easque
472 655 511 693 in
543 657 751 706 propatulo
780 655 890 695 domi
924 654 1055 694 abicit.
1115 654 1295 705 Gortynii
1323 655 1514 705 templum
1535 670 1554 699 4

184 734 326 770 magna
346 734 438 759 cura
458 720 698 769 custodiunt,
721 735 802 760 non
828 729 907 760 tam
938 734 962 759 a
985 720 1123 760 ceteris
1153 734 1272 771 quam
1293 720 1343 759 ab
1365 717 1517 758 Hanni-

185 785 284 832 bale,
307 799 357 824 ne
378 785 441 824 ille
462 785 720 825 inscientibus
741 785 787 825 iis
808 787 960 825 tolleret
981 799 1196 836 secumque
1216 786 1388 824 duceret.

239 849 303 888 Sic
323 850 562 889 conservatis
583 850 662 889 suis
683 851 799 890 rebus
823 853 979 890 Poenus
1007 849 1129 889 illusis
1150 849 1407 890 Cretensibus
1437 861 1582 889 om--10

186 915 302 954 nibus
328 917 379 955 ad
408 916 584 955 Prusiam
605 916 645 955 in
667 918 838 955 Pontum
860 915 1047 967 pervenit.
1106 916 1213 966 apud
1234 929 1352 966 quem
1373 916 1517 955 eodem

185 981 319 1019 animo
350 980 420 1019 fuit
447 995 537 1032 erga
565 981 719 1020 Italiam
752 996 883 1033 neque
911 981 1019 1020 aliud
1049 981 1263 1032 quicquam
1291 980 1369 1032 egit
1398 994 1516 1032 quam

187 1060 317 1097 regem
344 1046 507 1085 armavit
527 1054 565 1086 et
585 1047 756 1086 exercuit
782 1049 969 1086 adversus
1002 1035 1218 1086 Romanos.
1277 1060 1396 1097 quem
1426 1060 1517 1085 cum
1542 1063 1556 1085 ι

188 1111 335 1151 videret
355 1112 583 1151 domesticis
603 1112 746 1163 opibus
772 1112 901 1151 minus
929 1126 1014 1151 esse
1041 1112 1258 1160 robustum,
1282 1111 1519 1151 conciliabat

188 1186 338 1216 ceteros
372 1191 492 1228 reges,
528 1177 769 1228 adiungebat
797 1177 1004 1217 bellicosas
1039 1176 1231 1216 nationes.
1301 1176 1520 1217 dissidebat

187 1243 237 1281 ab
277 1256 326 1281 eo
366 1244 629 1293 Pergamenus
663 1256 729 1282 rex
764 1244 976 1291 Eumenes,
1019 1242 1212 1281 Romanis
1243 1241 1517 1291 amicissimus,

188 1307 417 1358 bellumque
443 1307 543 1347 inter
571 1322 640 1347 eos
666 1308 873 1359 gerebatur
892 1315 931 1347 et
958 1307 1054 1347 mari
1079 1315 1118 1347 et
1142 1315 1264 1347 terra:
1294 1322 1375 1358 quo
1397 1307 1519 1359 magis
1539 1324 1558 1355 3

188 1373 372 1424 cupiebat
396 1387 486 1412 eum
515 1372 718 1412 Hannibal
745 1373 925 1424 opprimi.
985 1374 1055 1412 sed
1084 1372 1294 1424 utrobique
1320 1375 1521 1412 Eumenes

175 1441 276 1490 ‚plus
290 1439 443 1478 valebat
460 1446 618 1490 propter
636 1440 909 1478 Romanorum
926 1438 1155 1478 societatem
1174 1454 1181 1477 ε
1205 1452 1338 1490 quem,
1346 1439 1376 1478 si
1399 1452 1522 1478 remo-

189 1503 317 1552 visset,
333 1504 505 1544 faciliora
525 1504 599 1544 sibi
620 1512 750 1543 cetera
773 1505 855 1543 fore
881 1504 1151 1544 arbitrabatur.
1209 1505 1261 1543 ad
1282 1505 1388 1543 hunc
1409 1503 1522 1543 inter-

190 1569 406 1610 ficiundum
430 1572 546 1610 talem
569 1570 654 1610 iniit
685 1569 889 1610 rationem.
949 1571 1072 1609 classe
1094 1569 1229 1621 paucis
1250 1569 1391 1609 diebus
1412 1578 1521 1609 erant
1540 1588 1560 1618 4

189 1635 392 1675 decreturi.
472 1637 729 1687 superabatur
776 1635 936 1675 navium
980 1635 1259 1674 multitudine:
1307 1636 1402 1675 dolo
1438 1643 1522 1675 erat

190 1703 458 1752 pugnandum,
492 1716 583 1741 cum
615 1715 684 1752 par
714 1715 795 1740 non
830 1709 932 1741 esset
965 1700 1093 1740 armis.
1163 1700 1368 1751 imperavit
1402 1715 1520 1752 quam

190 1767 376 1817 plurimas
405 1775 618 1806 venenatas
648 1775 848 1818 serpentes
883 1766 990 1805 vivas
1024 1765 1154 1817 colligi
1184 1779 1330 1816 easque
1359 1765 1398 1804 in
1430 1780 1522 1805 vasa

192 1831 324 1871 fictilia
339 1832 478 1871 conici.
529 1833 665 1871 harum
688 1846 779 1871 cum
802 1832 994 1871 effecisset
1012 1844 1193 1882 magnam
1213 1830 1518 1879 multitudinem,
1542 1850 1559 1881 5

191 1896 255 1935 die
277 1896 373 1948 ipso,
395 1911 476 1948 quo
497 1898 668 1936 facturus
695 1905 776 1937 crat
804 1899 941 1936 navale
967 1895 1171 1948 proelium,
1193 1895 1411 1936 classiarios
1431 1910 1521 1936 con-

191 1971 305 2001 vocat
340 1962 464 2013 iisque
494 1962 693 2014 praecipit,
725 1976 863 2002 omnes
895 1970 937 2002 ut
971 1962 1011 2001 in
1046 1975 1165 2001 unam
1199 1961 1390 2001 Eumenis
1424 1961 1523 2012 regis

192 2035 426 2067 concurrant
447 2042 599 2075 navem,
622 2041 646 2066 a
669 2027 807 2067 ceteris
839 2035 991 2066 tantum
1018 2027 1110 2066 satis
1136 2026 1309 2066 habeant
1329 2041 1371 2066 se
1391 2028 1523 2067 defen-

192 2094 295 2132 dere.
355 2093 395 2133 id
423 2093 510 2132 illos
539 2092 652 2132 facile
677 2092 918 2144 serpentium
944 2091 1198 2132 multitudine
1227 2099 1519 2132 consecuturos.

193 2172 258 2197 rex
283 2166 415 2197 autem
446 2157 485 2196 in
513 2171 591 2208 qua
616 2171 715 2196 nave
744 2158 963 2205 veheretur,
989 2165 1031 2196 ut
1055 2157 1209 2205 scirent,
1237 2171 1279 2196 se
1305 2158 1496 2196 facturum
1515 2172 1522 2196 :
1541 2166 1561 2198 6

194 2237 311 2274 quem
333 2223 363 2262 si
385 2231 451 2263 aut
472 2222 668 2274 cepissent
687 2230 755 2262 aut
775 2222 1071 2270 interfecissent,
1087 2235 1231 2273 magno
1251 2222 1297 2261 iis
1319 2222 1524 2273 pollicetur

195 2288 367 2340 praemio
402 2290 493 2328 fore.
553 2288 618 2327 tali
658 2287 930 2326 cohortatione
970 2286 1136 2326 militum
1170 2288 1271 2326 facta
1304 2287 1438 2327 classis
1471 2288 1522 2327 ab
1542 2299 1577 2326 11

237 2394 258 2422 6
280 2392 370 2423 omni
399 2392 495 2434 Nipp.
518 2403 525 2423 z
558 2401 676 2423 omnes
701 2390 789 2422 codd.
934 2401 972 2422 10
996 2390 1151 2422 omnibus
1171 2394 1245 2431 post
1272 2392 1372 2423 rebus
1399 2387 1523 2434 trahsp.

195 2435 340 2466 Arnoldt
477 2446 515 2476 19
539 2446 605 2475 quo
622 2459 629 2467 .
651 2459 657 2467 .
676 2459 683 2467 .
702 2435 856 2475 cupiebat
868 2438 945 2476 post
960 2434 1156 2466 societatem
1176 2438 1299 2476 transp.
1320 2435 1421 2468 Fleck.
