1746 2740
808 136 960 178 CATO
1410 137 1562 176 XXIV.
1594 135 1640 174 iii

222 261 371 296 sumus,
392 262 511 300 quem
539 249 747 300 separatim
776 250 827 289 de
846 262 896 288 eo
922 248 1087 288 fecimus
1113 256 1250 300 rogatu
1270 250 1317 288 T.
1341 247 1552 299 Pomponii

222 312 354 352 Attici.
424 327 545 366 quare
583 313 783 354 studiosos
817 313 982 355 Catonis
1013 315 1066 355 ad
1100 313 1197 354 illud
1229 315 1416 354 volumen
1451 315 1555 354 dele-

219 391 368 429 gamus.

274 507 320 544 T.
358 507 606 546 Pompomvs
640 508 833 555 ATTlcvs,
869 507 921 547 ab
955 506 1104 559 origine
1137 505 1276 546 ultima
1309 505 1438 558 stirpis
1473 508 1551 546 Ro·
1570 515 1588 549 1

181 588 198 619 5
221 585 360 611 manae
379 581 598 623 generatus,
616 581 807 624 perpetuo
825 587 849 612 a
870 572 1083 612 maioribus
1103 580 1307 624 acceptam
1328 565 1549 623 equffltrem

219 636 392 676 obtinuit
421 637 665 688 dignitatem.
738 646 848 690 patre
876 652 970 677 usus
999 646 1058 678 est
1087 637 1275 689 diligente
1308 644 1359 685 et,
1389 644 1434 676 ut
1466 644 1550 676 tum
1574 650 1590 671 2

219 709 329 740 erant
357 710 547 754 tempora,
577 702 649 742 diti
683 702 940 754 inprimisque
970 702 1150 742 studioso
1178 702 1404 759 litterarum.
1474 701 1550 750 hic,

219 775 334 818 prout
361 767 444 818 ipse
463 769 623 808 amabat
648 768 805 816 litteras,
828 768 1015 808 omnibus
1038 767 1240 816 doctrinis,
1263 767 1408 819 quibus
1427 767 1553 819 pueri-

219 831 266 870 lis
293 839 400 871 aetas
434 832 622 884 impertiri
651 834 783 886 debet,
815 833 939 872 filiurn
973 832 1151 872 erudivit.
1224 839 1306 872 erat
1338 840 1471 872 autem
1510 832 1550 872 in
1573 847 1592 876 3

162 913 200 936 10
218 910 341 947 puero
361 905 513 948 praeter
532 897 775 938 docilitatem
796 898 942 950 ingenii
969 911 1126 937 summa
1145 897 1315 937 suavitas
1335 897 1413 937 oris
1431 905 1551 949 atque

218 961 335 1010 vocis,
367 970 410 1001 ut
439 976 519 1001 non
549 962 677 1002 solum
707 963 884 1003 celeriter
916 963 1114 1014 acciperet
1147 976 1249 1014 quae
1283 962 1549 1010 tradebantur,

217 1028 287 1066 sed
317 1027 434 1066 etiam
465 1029 701 1068 excellenter
729 1028 1011 1085 pronuntiaret.
1069 1041 1150 1079 qua
1175 1042 1223 1067 ex
1248 1042 1289 1067 re
1315 1027 1356 1066 in
1384 1027 1551 1079 pueritia

218 1092 361 1132 nobilis
389 1093 488 1133 inter
514 1095 699 1144 aequales
726 1094 922 1133 ferebatur
941 1093 1163 1145 clariusque
1184 1093 1549 1145 exsplendescebat,

217 1171 335 1207 quam
374 1158 553 1209 generosi
593 1158 854 1210 condiscipuli
896 1158 1032 1198 animo
1068 1173 1199 1210 aequo
1236 1160 1336 1198 serre
1373 1166 1547 1210 possent.

159 1240 195 1272 ¹5
216 1221 349 1274 itaque
376 1223 564 1263 incitabat
591 1237 730 1264 omnes
759 1223 892 1264 studio
918 1237 1002 1272 suo,
1024 1238 1105 1275 quo
1131 1223 1171 1263 in
1199 1238 1366 1263 numero
1392 1225 1549 1263 fuerunt
1568 1242 1588 1272 4

217 1289 260 1326 L.
301 1290 538 1340 Torquatus,
576 1290 621 1330 C.
664 1289 816 1328 Marius
854 1289 967 1338 filius,
1010 1290 1067 1328 M.
1109 1289 1275 1330 Cicero:
1318 1303 1420 1341 quos
1457 1303 1549 1340 con-

214 1354 423 1394 suetudine
462 1368 534 1394 sua
567 1354 623 1395 sic
660 1354 849 1404 devinxit,
882 1362 926 1394 ut
958 1369 1079 1394 nemo
1112 1355 1174 1394 his
1208 1362 1400 1407 perpetuo
1434 1355 1548 1395 suerit

213 1419 347 1459 carior.

270 1487 383 1525 Pater
412 1494 562 1526 mature
591 1486 771 1526 decessit.
830 1486 915 1538 ipse
940 1488 1262 1527 adulescentulus
1288 1495 1447 1538 propter
1469 1488 1547 1526 affi-
1565 1495 1590 1522 2
1635 1513 1637 1515 ·

154 1567 196 1591 20
214 1550 376 1591 nitatem
413 1555 455 1591 P.
488 1552 661 1604 Sulpicii,
693 1552 761 1604 qui
796 1552 976 1592 tribunus
1010 1555 1061 1604 pl.
1098 1553 1324 1592 interfectus
1358 1561 1429 1601 est,
1465 1567 1545 1592 non

212 1631 349 1668 expers
378 1618 450 1658 fuit
479 1618 581 1658 illius
610 1618 797 1670 periculi:
831 1632 1005 1670 namque
1031 1618 1184 1667 Anicia,
1214 1618 1423 1670 Pomponii
1454 1632 1546 1658 con-

212 1683 380 1731 sobrina,
412 1693 597 1736 nupserat
627 1685 772 1732 Servio,
805 1683 910 1723 fratri
944 1683 1117 1735 Sulpicii.
1176 1684 1309 1735 itaque
1338 1684 1544 1724 interfecto
1565 1695 1581 1718 2

212 1748 386 1799 Sulpicio
413 1758 670 1801 posteaquam
696 1750 794 1789 vidit
821 1749 1007 1790 Cinnano
1033 1751 1204 1788 tumultu
1232 1749 1428 1789 civitatem
1457 1763 1543 1789 esse

211 1814 475 1862 perturbatam
510 1828 641 1865 neque
675 1814 748 1854 sibi
784 1814 865 1854 dari
906 1815 1131 1853 facultatem
1166 1827 1237 1865 pro
1270 1814 1460 1865 dignitate
1492 1814 1543 1853 vi-

153 1892 191 1923 ²5
211 1877 340 1925 vendi,
362 1877 457 1928 quin
477 1880 701 1918 alterutram
729 1887 877 1930 partem
907 1879 1135 1926 offenderet,
1158 1878 1379 1918 dissociatis
1398 1878 1540 1918 animis

210 1940 366 1989 civium,
397 1956 487 1981 cum
517 1943 582 1982 alii
613 1943 792 1991 Sullanis,
825 1943 890 1983 alii
922 1943 1115 1984 Cinnanis
1144 1945 1318 1983 faverent
1351 1943 1538 1995 partibus,

210 2006 398 2046 idoneum
428 2016 584 2060 tempus
613 2016 719 2048 ratus
748 2009 888 2050 studiis
918 2009 1166 2061 obsequendi
1196 2008 1276 2048 suis
1297 2009 1474 2048 Athenas
1498 2023 1539 2048 se

208 2073 384 2112 contulit.
443 2087 573 2125 neque
602 2088 651 2114 co
685 2074 805 2114 setius
838 2076 1134 2116 adulescentem
1172 2074 1344 2114 Marium
1382 2075 1537 2115 hostem

208 2136 423 2177 iudicatum
445 2137 541 2178 iuvit
561 2139 704 2190 opibus
725 2139 816 2188 suis,
834 2140 946 2180 cuius
965 2141 1098 2191 fugam
1119 2139 1288 2191 pecunia
1307 2139 1536 2179 sublevavit.

148 2218 190 2249 30
207 2215 254 2241 ac
291 2217 341 2242 ne
375 2203 440 2243 illa
477 2204 737 2256 peregrinatio
775 2182 1055 2244 detrim’esstum
1094 2204 1256 2256 aliquod
1293 2205 1446 2244 afferret
1483 2204 1576 2251 rei3

250 2318 268 2346 4
295 2306 347 2338 Ex
364 2306 448 2338 libro
465 2306 614 2339 Cornelii
635 2307 778 2348 Nepotis
794 2308 837 2340 de
856 2307 969 2339 latinis
987 2308 1158 2340 historicis
1171 2307 1241 2339 ΑΒ
1328 2310 1350 2340 6
1373 2307 1537 2348 diligente

207 2349 401 2390 indulgente
417 2350 505 2382 codd.
520 2355 649 2392 praeter
661 2350 872 2382 Patauinum
981 2362 1017 2391 17
1042 2356 1208 2392 perpetua
1225 2350 1258 2381 A
1276 2354 1306 2382 ct
1325 2351 1406 2383 Voss
1421 2351 1446 2383 l:
1461 2362 1536 2393 per-

205 2398 308 2469 peeltpa
324 2393 396 2425 uita
411 2393 513 2426 Fleck.
615 2406 656 2426 22
682 2395 805 2427 Seruio
822 2395 941 2427 Lamb.
959 2406 966 2427 :
989 2395 1034 2427 M.
1049 2394 1196 2427 Seruilio
1212 2393 1301 2426 Leid.
1323 2406 1331 2426 ι
1355 2394 1399 2426 Μ.
1413 2395 1536 2428 Seruio
