1746 2740
148 108 243 146 V11.
262 106 278 145 i
621 107 875 147 CORNELI
914 83 1156 146 NEPOTIs

231 225 334 258 serat
360 231 491 270 neque
520 231 639 258 causa
666 218 825 258 suberat
853 231 974 269 quare
1001 217 1124 257 animi
1152 218 1327 258 laborem
1360 220 1556 271 perferret,

230 282 462 332 luxuriosus,
484 282 709 332 dissolutus,
726 282 974 331 libidinosus,
997 282 1262 333 intemperans
1282 283 1556 335 reperiebatur,

230 356 273 388 ut
293 362 432 388 omnes
450 348 736 388 admirarentur
754 347 795 387 in
815 361 897 388 uno
913 347 1075 387 homine
1090 355 1239 388 tantam
1259 361 1346 388 esse
1365 347 1559 388 dissimili-

231 413 411 453 tudinem
431 420 592 464 tamque
612 413 807 452 diversam
827 421 1018 452 naturam.

187 485 211 513 2
285 479 489 518 Educatus
515 485 574 517 est
600 477 640 516 in
660 479 783 517 domo
812 477 951 518 Pericli
973 477 1189 530 (privignus
1209 478 1315 518 enirn
1335 478 1419 519 eius
1439 478 1558 519 fuisse
1577 492 1595 525 5

230 536 404 595 dicitur),
423 542 598 583 eruditus
617 556 642 582 a
661 544 832 583 Socrate.
891 557 1072 583 socerum
1101 543 1239 583 habuit
1270 544 1555 596 Hipponicum,

229 608 407 647 omnium
438 610 590 648 Graeca
617 607 750 659 lingua
778 608 1026 660 loquentium
1055 608 1305 657 ditissimum,
1335 617 1390 658 ut,
1415 609 1447 648 si
1473 609 1558 660 ipse

229 674 374 724 fingere
407 675 534 721 vellet,
571 687 701 724 neque
734 675 846 725 plura
880 674 986 713 bona
1018 673 1215 714 reminisci
1247 687 1377 724 neque
1410 673 1558 713 maiora

229 746 362 790 posset
399 738 604 790 consequi,
636 752 757 789 quam
789 740 851 778 vel
890 746 1028 778 natura
1064 740 1126 777 vel
1164 739 1321 777 fortuna
1356 737 1555 778 tribueret.

192 820 206 841 2
228 804 390 843 ineunte
409 803 679 843 adulescentia
697 811 851 843 amatus
872 812 931 844 est
950 818 974 843 a
994 803 1127 843 multis
1147 817 1281 842 amore
1301 805 1555 852 Graecorum,

227 868 268 908 in
287 869 343 909 eis
368 871 538 918 Socrate,
561 870 611 909 de
638 883 718 920 quo
743 868 986 909 mentionem
1015 868 1107 908 facit
1137 870 1250 908 Plato
1278 868 1319 907 in
1343 869 1553 920 symposio.

227 947 400 985 namque
424 948 516 974 eum
539 933 693 974 induxit
716 941 1095 974 commemorantem
1124 948 1166 973 se
1192 941 1444 985 pernoctasse
1463 947 1555 973 cum

228 1000 387 1038 Socrate
413 1013 543 1050 neque
569 998 680 1038 aliter
698 1000 749 1039 ab
770 1013 818 1038 eo
838 998 1058 1047 surrexisse,
1080 1013 1126 1038 ac
1146 998 1248 1038 filius
1267 1012 1291 1038 a
1310 1006 1471 1050 parente
1490 1000 1555 1038 de-

124 1079 131 1087 *
188 1083 206 1113 3
229 1063 366 1103 buerit.
426 1071 683 1115 posteaquam
705 1064 901 1104 robustior
920 1071 979 1104 est
999 1065 1136 1112 factus,
1158 1078 1239 1104 non
1260 1064 1389 1104 minus
1409 1066 1554 1104 multos

227 1129 381 1177 amavit,
405 1129 445 1168 in
475 1143 643 1180 quorum
671 1143 816 1178 amore,
839 1131 972 1180 quoad
998 1129 1148 1169 licitum
1175 1137 1234 1169 est
1259 1130 1409 1178 odiosa,
1431 1131 1555 1170 multa

227 1193 394 1234 delicate
410 1194 622 1246 iocoseque
642 1194 749 1235 fecit:
772 1209 874 1246 quae
890 1196 1130 1243 referremus,
1148 1194 1223 1234 nisi
1239 1194 1387 1234 maiora
1401 1194 1555 1246 potiora

227 1260 472 1299 haberemus.

183 1337 206 1374 3
281 1326 392 1364 Bello
413 1324 704 1376 Peloponnesio
724 1325 839 1364 huius
860 1325 1025 1365 consilio
1044 1333 1163 1377 atque
1183 1326 1414 1366 auctoritate
1433 1327 1553 1366 Athe-

225 1389 381 1429 nienses
402 1390 548 1428 bellurn
577 1390 828 1440 Syracusanis
857 1390 1103 1430 indixerunt:
1124 1393 1175 1430 ad
1199 1393 1308 1442 quod
1335 1392 1550 1442 gerendum

225 1453 308 1505 ipse
335 1455 415 1494 dux
443 1455 619 1494 delectus
646 1462 715 1502 est,
738 1456 820 1494 duo
846 1463 1045 1506 praeterea
1069 1457 1242 1507 collegae
1263 1456 1356 1504 dati,
1379 1455 1494 1494 Nicia
1512 1463 1551 1495 et

189 1536 202 1557 2
226 1521 458 1559 Lamachus.
518 1520 558 1560 id
584 1534 675 1559 cum
698 1529 958 1572 appararetur,
985 1521 1090 1572 prius
1117 1535 1236 1572 quam
1264 1521 1398 1560 classis
1418 1522 1549 1569 exiret,

222 1584 366 1624 accidit
394 1593 435 1624 ut
464 1599 543 1624 una
571 1593 688 1625 nocte
717 1599 856 1625 omnes
888 1588 1076 1635 Hermae,
1097 1587 1165 1638 qui
1195 1587 1235 1625 in
1265 1586 1413 1638 oppido
1442 1594 1552 1625 erant

223 1649 401 1698 Athenis,
432 1650 678 1689 deicerentur
711 1658 862 1701 praeter
895 1665 1030 1700 unum,
1062 1652 1130 1703 qui
1163 1661 1254 1692 ante
1284 1652 1440 1691 ianuam
1470 1659 1551 1690 erat

223 1715 422 1754 Andocidi
449 1715 599 1766 (itaque
628 1715 692 1754 ille
720 1724 859 1767 postea
889 1717 1108 1756 Mercurius
1133 1717 1332 1757 Andocidi
1357 1716 1550 1756 vocitatus

186 1794 203 1825 3
222 1779 308 1831 est).
368 1781 444 1819 hoc
473 1794 563 1820 cum
592 1789 796 1832 appareret
826 1796 906 1822 non
937 1783 1021 1822 sine
1051 1797 1194 1834 magna
1220 1785 1432 1823 multorum
1458 1795 1549 1821 con-
1571 1797 1582 1817 2

221 1845 404 1884 sensione
429 1859 515 1885 esse
542 1847 700 1895 factum,
723 1861 824 1898 quae
853 1862 933 1887 non
960 1850 1011 1888 ad
1034 1848 1238 1900 privatam,
1259 1850 1328 1888 sed
1349 1849 1548 1900 publicam

265 1957 282 1988 7
307 1949 437 1980 Graeca
454 1949 569 1989 lingua
586 1950 796 1991 loquentium
814 1951 1024 1993 Heusinger:
1047 1962 1188 1991 graecae
1206 1952 1338 1991 linguae
1354 1951 1548 1992 eloquentia

1578 820 1616 843 10

1577 1144 1612 1178 ¹5

1572 1470 1613 1493 20

220 1991 308 2023 codd.
458 1993 671 2026 disertissum
706 1994 780 2025 MR
980 1997 1001 2027 8
1024 1995 1175 2027 eminisci
1217 1995 1419 2036 Heusinger:
1456 2005 1545 2026 com-

222 2035 354 2067 minisci
372 2035 470 2076 Nipp.
649 2049 670 2078 9
695 2038 829 2069 fortuna
853 2038 906 2069 uel
933 2044 1052 2070 natura
1077 2039 1107 2071 θ’
1284 2039 1447 2070 tribuerat
1475 2037 1548 2068 MR

223 2088 264 2109 10
286 2089 379 2110 more
393 2078 467 2109 MR
611 2092 645 2112 11
674 2083 723 2113 eis
750 2092 770 2113 a
797 2082 938 2113 Socrate
964 2081 1082 2113 MRB¹
1216 2091 1255 2122 15
1277 2081 1409 2123 odiosa]
1435 2082 1546 2112 otioso
1582 2115 1584 2117 ,

218 2121 316 2162 Νφρ.
337 2134 344 2154 :
369 2123 403 2153 in
421 2133 457 2154 re
473 2125 592 2156 odiosa
607 2125 716 2166 Bergk
849 2127 889 2156 16
912 2126 1111 2166 potioraque
1127 2126 1158 2158 ἦ·
1277 2136 1320 2157 20
1343 2125 1438 2156 Mitia
1454 2124 1544 2155 Dan.

220 2165 308 2197 AB:
332 2166 432 2198 inicia
455 2168 488 2198 P
573 2178 624 2207 23,
644 2179 685 2208 24
709 2173 781 2200 erat
803 2168 970 2200 Andocidi
994 2169 1116 2201 Rosius
1135 2181 1143 2200 x
1166 2179 1196 2200 e.
1222 2168 1409 2200 Androcidi
1425 2168 1516 2199 Dan.
1537 2178 1545 2198 t

218 2219 246 2239 e.
260 2209 468 2251 Androclydi
481 2211 536 2243 P:
558 2222 588 2244 e.
603 2212 851 2244 Androclidisu
921 2212 1107 2244 Andocidi.
1123 2237 1130 2244 .
1142 2236 1150 2244 .
1168 2213 1353 2243 Mercurius
1372 2222 1438 2243 om.
1456 2211 1519 2242 rell.
1537 2222 1545 2242 ι

218 2262 259 2291 24
282 2253 453 2285 Andocidi
475 2265 547 2287 uoc.
566 2255 698 2288 Halm:
730 2255 952 2296 Androcydes
977 2266 1048 2287 uoc.
1068 2255 1158 2286 Dan.
1177 2267 1185 2286 t
1207 2255 1436 2294 Androclydis
1462 2255 1542 2294 (-es)

220 2306 291 2327 uoc.
321 2297 503 2329 ABPRu:
536 2298 751 2331 Androdides
786 2309 858 2330 uoc.
884 2298 945 2330 M:
995 2298 1197 2331 Andocidist
1248 2299 1413 2330 uocitatus
1441 2297 1541 2329 Fleck.

219 2342 262 2370 26
284 2341 325 2371 ad
343 2341 508 2380 publicam
525 2341 600 2372 MR
