1746 2740
158 101 318 140 XVIII.
341 101 419 140 viii
635 101 889 142 CORNELI
918 101 1160 141 NEPOTIS

202 230 224 262 4
245 221 341 254 rant.
399 215 477 255 hoc
505 214 729 266 Antigonus
761 227 855 254 cum
887 213 1143 266 comperisset
1175 214 1497 267 intellegeretque
1529 228 1573 256 se

243 294 378 332 parem
404 294 487 320 non
510 294 597 320 esse
619 280 763 331 paratis
787 279 1030 329 adversariis,
1051 280 1187 320 statuit
1208 280 1360 332 aliquid
1386 280 1462 321 sibi
1480 294 1573 322 con-

242 345 318 384 silii
346 345 439 385 novi
469 359 554 385 esse
583 345 834 397 capiendum.
883 347 988 385 duae
1005 353 1117 386 erant
1134 346 1232 395 viae,
1254 359 1335 398 qua
1353 360 1400 386 ex
1425 346 1572 396 Medis,

242 410 327 450 ubi·
349 410 414 450 ille
452 411 664 458 hiemabat,
702 411 755 450 ad
791 410 1103 450 adversariorum
1141 411 1396 451 hibernacula
1436 418 1570 463 posset

155 526 159 529 Α
203 494 222 527 5
241 476 444 527 perveniri.
504 490 671 527 quarum
704 475 860 515 brevior
890 489 961 527 per
992 477 1081 516 loca
1112 477 1278 524 deserta,
1313 490 1416 528 quae
1449 490 1569 517 nemo
1586 486 1606 521 5

242 541 442 580 incolebat
470 549 629 592 propter
647 554 775 592 aquae
798 541 986 592 inopiam,
1007 548 1183 582 ceterum
1206 541 1359 582 dierum
1382 549 1464 582 erat
1489 544 1570 582 fere

241 607 407 655 decem3
444 606 511 645 illa
537 614 681 654 autem,
713 619 792 657 qua
819 619 960 645 omnes
988 607 1279 655 commeabant,
1308 608 1432 647 altero
1459 614 1570 647 tanto

241 671 460 723 longiorem
493 671 667 726 habebat
699 672 932 719 anfractum,
964 672 1035 710 sed
1068 679 1151 711 erat
1182 671 1345 722 copiosa
1376 671 1571 711 omnium-

200 743 221 777 6
241 750 319 788 que
349 750 478 776 rerum
510 737 729 775 abundans.
788 737 863 775 hae
896 735 929 775 si
961 736 1281 787 proficisceretur,
1318 736 1570 788 intellegebat

239 801 346 853 prius
382 801 625 841 adversarios
662 801 871 841 rescituros
908 802 960 840 de
997 814 1071 839 suo
1106 802 1292 849 adventu,
1326 814 1445 852 quam
1484 800 1569 852 ipse
1590 813 1630 838 ιο

240 867 395 906 tertiam
423 874 574 918 partem
603 866 839 906 confecisset
868 866 1016 905 itineris
1030 880 1041 914 3
1070 865 1130 904 sin
1159 879 1229 917 per
1256 868 1344 905 loca
1369 867 1453 905 sola
1477 879 1570 905 con-

239 933 430 980 tenderet,
466 932 648 982 sperabat
680 945 723 971 se
756 931 1049 982 imprudentem
1088 932 1244 970 hostem
1275 944 1565 983 oppressurum.

202 1007 219 1041 7
237 997 289 1036 ad
317 998 421 1036 hanc
449 1011 532 1036 rem
560 996 851 1036 conficiendam
881 995 1086 1047 imperavit
1111 1009 1231 1047 quam
1257 995 1446 1047 plurimos
1471 996 1567 1036 utris

236 1069 356 1112 atque
371 1062 490 1101 etiam
509 1064 658 1101 culleos
678 1061 907 1113 comparari,
924 1069 1015 1112 post
1034 1062 1132 1100 haec
1148 1061 1350 1111 pabulum,
1367 1069 1568 1112 praeterea

237 1126 384 1166 cibaria
410 1134 525 1167 cocta
552 1127 706 1166 dierum
734 1128 889 1175 decem,
918 1133 962 1165 ut
990 1139 1111 1176 quam
1139 1125 1303 1165 minime
1331 1127 1441 1165 fieret
1466 1125 1566 1178 ignis
1591 1139 1625 1171 ¹5

236 1191 278 1231 in
306 1192 452 1232 castris.
512 1192 583 1231 iter
609 1206 690 1243 quo
714 1192 869 1239 habeat,
891 1191 1023 1230 omnis
1046 1192 1157 1230 celat.
1215 1190 1272 1230 sic
1297 1187 1465 1243 paratus,
1487 1205 1566 1243 qua

236 1257 502 1305 constituerat,
524 1257 793 1309 proficiscitur.

188 1332 216 1369 9
291 1322 513 1362 Dimidium
541 1324 621 1362 fere
647 1322 818 1373 spatium
846 1323 1081 1370 confecerat,
1102 1335 1193 1361 cum
1221 1335 1268 1361 ex
1293 1323 1404 1361 furno
1423 1329 1565 1362 castro-

235 1402 322 1426 rum
342 1387 426 1427 eius
446 1387 617 1438 suspicio
637 1389 754 1426 allata
773 1394 832 1426 est
851 1388 903 1426 ad
931 1388 1153 1426 Eumenem
1181 1388 1335 1426 hostem
1356 1386 1564 1438 appropin-

235 1467 364 1504 quare.
423 1452 665 1492 conveniunt
693 1453 840 1492 duces:
878 1451 1086 1502 quaeritur,
1115 1451 1212 1502 quid
1240 1465 1341 1503 opus
1369 1451 1419 1491 sit
1444 1452 1558 1491 facto.
1583 1464 1623 1487 20

234 1517 515 1570 intellegebant
541 1531 681 1557 omnes
710 1525 791 1556 tarn
819 1516 995 1557 celeriter
1020 1516 1154 1568 copias
1183 1516 1357 1568 ipsorum
1383 1517 1562 1556 contrahi

196 1596 212 1618 2
236 1597 317 1622 non
332 1597 460 1633 posse,
483 1596 603 1634 quarn
619 1582 843 1633 Antigonus
862 1583 1069 1621 adfuturus
1088 1581 1304 1622 videbatur.
1353 1581 1419 1621 hic
1438 1582 1563 1621 omni-

233 1648 307 1687 bus
323 1648 584 1687 titubantibus
599 1656 638 1687 et
657 1649 709 1687 de
728 1648 845 1687 rebus
861 1646 1025 1686 summis
1040 1646 1340 1697 desperantibus
1362 1648 1561 1687 Eumenes

231 1711 300 1760 ait,
320 1711 353 1750 si
381 1711 620 1751 celeritatem
639 1712 760 1751 velint
788 1711 977 1751 adhibere
1000 1718 1040 1750 et
1067 1711 1258 1762 imperata
1286 1713 1424 1759 facere,
1451 1712 1561 1763 quod

232 1784 324 1816 ante
350 1790 432 1816 non
458 1776 630 1824 fecerint,
653 1790 695 1816 se
718 1790 800 1815 rem
821 1775 1107 1827 expediturum.
1164 1789 1258 1815 narn
1283 1777 1393 1827 quod
1419 1776 1560 1816 diebus
1582 1790 1620 1823 ²5

232 1841 409 1892 quinque
428 1841 552 1880 hostis
578 1841 763 1880 transisse
783 1848 926 1891 posset,
949 1854 991 1879 se
1011 1842 1242 1880 effecturum
1262 1848 1304 1879 ut
1329 1854 1410 1880 non
1431 1840 1560 1880 minus

231 1906 397 1946 totidem
419 1906 572 1945 dierum
593 1906 720 1956 spatio
741 1907 1021 1945 retardaretur:
1051 1919 1172 1956 quare
1191 1905 1452 1954 circumirent,
1470 1919 1560 1945 suas

192 1985 211 2016 3
232 1971 400 2022 quisque
428 1972 676 2010 contraheret
705 1970 849 2021 copias.
907 1971 959 2009 ad
987 1969 1179 2021 Antigoni
1205 1978 1339 2010 autem
1368 1972 1561 2010 refrenan-

231 2037 328 2074 dum
355 2035 548 2085 impetum
574 2037 651 2074 tale
671 2035 775 2086 capit
802 2034 1021 2074 consilium.
1080 2042 1207 2074 certos
1234 2035 1352 2074 mittit
1375 2035 1556 2074 homines

230 2101 282 2139 ad
310 2100 467 2139 infimos
501 2107 666 2147 montes,
698 2099 767 2150 qui
795 2099 901 2138 obvii
930 2107 1040 2138 erant
1073 2099 1199 2138 itineri
1232 2099 1553 2148 adversariorum,
1575 2114 1616 2147 30

230 2164 356 2215 iisque
388 2164 578 2215 praecipit
611 2172 654 2203 ut
686 2163 811 2215 prima
844 2172 975 2213 nocte,
1009 2178 1128 2215 quam
1167 2164 1353 2203 latissime
1391 2165 1553 2216 possint,

230 2229 338 2280 ignes
377 2229 521 2268 faciant
559 2242 679 2280 quam
719 2228 910 2267 maximos
947 2237 1067 2280 atque
1105 2230 1177 2268 hos
1216 2230 1390 2268 secunda
1428 2229 1557 2280 vigilia

278 2335 317 2364 16
340 2333 404 2364 iter
421 2333 539 2366 MPu:
578 2334 656 2365 item
684 2333 788 2364 ABR
940 2343 1007 2374 quo
1039 2333 1161 2365 habeat
1187 2332 1284 2374 Nr'pp.
1305 2344 1312 2364 :
1346 2333 1434 2374 quod
1459 2333 1556 2375 (quot

231 2376 326 2417 8¹13)
355 2377 499 2407 habebat
525 2376 614 2409 codd,
752 2378 790 2408 18
814 2377 894 2408 fimo
920 2375 1024 2408 AB?
1161 2387 1200 2417 31
1220 2377 1381 2417 praecipit
1411 2376 1557 2408 Lamb.:

231 2420 405 2460 praecepit
421 2420 506 2452 codd.
