1718 2746
677 96 1000 137 PRAEFATIO

226 206 305 245 His
337 204 380 245 in
416 203 603 244 subsidiis
639 203 801 244 utendis
837 205 958 244 talem
995 204 1094 244 mihi
1131 206 1260 256 legem
1303 207 1503 258 proposui,

171 269 322 322 primae
348 268 520 309 familiae
547 281 669 319 quam
695 267 890 309 artissime
915 270 1130 309 adhaerere
1154 282 1287 321 neque
1314 282 1505 322 umquam

171 342 320 376 temere
338 322 427 375 'eam
451 335 654 374 deserere:
683 333 925 386 optimorum
950 334 1181 375 testimonio
1205 335 1418 376 deficiente
1441 338 1505 376 uel

171 408 306 453 aperte
333 406 519 450 corrupto
554 398 761 439 codicibus
797 401 837 439 A
872 407 913 440 et
950 401 985 440 B
1022 399 1194 440 maxime
1219 400 1304 440 niti.
1361 400 1506 441 Hario-

171 463 338 503 lationes
383 461 592 502 doctorum
637 461 812 501 uirorum
858 475 979 513 quam
1025 461 1210 501 minimas
1255 461 1397 513 recepi,
1436 462 1506 514 qui

172 527 341 580 Nepotis
358 527 503 567 librum
522 525 759 566 limatiorem
774 540 894 578 quam
911 528 995 579 ipse
1010 527 1166 578 reliquit
1177 528 1343 567 reddere
1358 529 1506 567 ueritus

171 607 271 634 sum.
338 593 479 632 Talem
516 590 624 631 enim
661 590 759 630 mihi
797 592 906 642 fingo
945 591 1177 643 scriptorem
1221 590 1290 642 qui
1336 598 1380 631 ut
1423 605 1506 632 non

169 659 437 711 neglegenter,
447 656 503 695 ita
515 654 647 695 uerbis
659 655 813 707 scripsit
829 657 990 704 usitatis,
1006 670 1058 696 ne
1075 656 1208 696 dicam
1227 655 1504 696 usitatissimis.

172 725 324 764 Eadem
353 724 406 763 de
443 734 562 762 causa
591 721 824 773 antiquioris
865 721 1089 761 Latinitatis
1121 721 1296 772 uestigia,
1329 734 1434 772 quae
1464 720 1506 761 in

169 788 377 830 codicibus
404 785 674 835 inueniuntur,
703 787 874 826 editores
901 787 1114 837 plerosque
1142 794 1300 825 secutus
1329 784 1487 825 retinui.

224 855 365 894 Restat
382 860 427 892 ut
455 851 520 891 hic
549 864 734 891 moneam
763 852 873 902 quod
899 850 941 890 in
965 858 1155 901 apparatu
1173 850 1311 889 critico
1337 849 1502 901 neglexi,

170 919 210 958 in
239 917 446 959 codicibus
473 924 628 968 praeter
655 917 695 955 R
717 916 779 955 ‘hi
795 916 805 934 '
823 916 889 955 uel
911 916 990 955 ‘hii
1006 916 1016 934 '
1035 915 1104 968 (P)
1122 928 1195 966 pro
1215 917 1226 936 ‘
1239 915 1291 963 ii,’
1313 916 1323 936 ‘
1337 915 1422 954 his'
1439 915 1505 954 uel

171 985 182 1004 ‘
196 982 272 1023 hiis
283 984 293 1002 ’
307 982 376 1036 (P)
388 995 461 1034 pro
474 984 483 1003 ‘
496 980 568 1030 iis:
583 980 760 1032 itemque
777 983 787 1002 ‘
798 988 884 1021 tum
899 1010 908 1019 .
928 1010 936 1019 .
954 1011 962 1020 .
977 986 1064 1020 tum
1076 981 1086 999 ’
1097 993 1171 1032 pro
1189 982 1199 1001 ‘
1211 993 1303 1020 cum
1319 1010 1328 1019 .
1346 1009 1355 1017 .
1371 1009 1379 1017 .
1396 987 1481 1019 tum
1494 980 1505 1001 ’

169 1049 251 1088 fere
270 1060 426 1099 semper
445 1047 634 1097 scriptum
653 1058 751 1085 esse.

1193 1111 1241 1149 E.
1261 1110 1311 1150 O.
1331 1109 1395 1148 W.

213 1176 399 1210 szebam
418 1175 544 1208 oxonii

169 1221 283 1254 Mense
295 1220 389 1254 Maio
403 1229 587 1253 unccccrv.

1708 1102 1714 1117 ὁ*
1707 798 1718 1089 „ma-*qm-*wmnm-“Q
1707 790 1712 791 ¹
1706 677 1718 783 huus..
