1746 2740
751 131 942 172 CIMON
1509 131 1558 170 V.
1578 129 1595 170 i

173 243 398 297 pecuniam,
438 257 518 296 qua
554 252 665 296 pater
709 245 897 283 multatus
935 251 1027 292 erat,
1068 243 1258 283 solvisset.
1336 243 1509 283 habebat
1530 260 1546 282 2

171 318 306 349 autem
341 310 382 350 in
420 309 673 350 matrimonio
707 322 882 349 sororem
918 322 1147 361 germanam
1186 322 1310 358 suam,
1346 308 1510 348 nomine

175 375 396 427 Elpinicen,
422 389 505 415 non
534 375 658 427 magis
684 389 820 427 a'more
849 389 969 427 quam
999 389 1109 414 more
1137 376 1306 415 ductus:
1336 387 1509 426 namque

173 441 486 481 Atheniensibus
531 441 622 481 licet
666 442 810 481 eodem
855 449 965 492 patre
1009 449 1120 480 natas
1165 454 1306 480 uxores
1350 442 1506 480 ducere.

134 520 152 553 5
173 507 289 547 huius
318 506 491 558 coniugii
521 507 690 558 cupidus
711 505 857 547 Callias
882 505 1056 558 quidam,
1079 520 1161 545 non
1185 514 1266 545 tam
1294 519 1509 557 generosus
1529 521 1547 553 3

172 587 292 624 quam
321 572 573 625 pecuniosus,
595 572 663 624 qui
691 586 853 624 magnas
873 572 1062 624 pecunias
1082 586 1130 612 ex
1154 571 1321 612 metallis
1349 573 1505 619 fecerat,

172 639 250 690 egit
270 653 361 678 cum
386 638 557 679 Cimone
577 647 621 678 ut
640 652 729 678 eam
750 638 825 678 sibi
846 652 1009 678 uxorem
1029 639 1161 678 daret:
1194 637 1235 678 id
1255 637 1287 677 si
1307 637 1508 689 impetras-

172 714 241 752 set,
273 719 314 744 se
343 718 414 756 pro
443 704 510 743 illo
539 704 750 756 pecuniam
780 706 1012 744 soluturum.
1085 703 1118 743 is
1147 718 1239 743 cum
1268 705 1387 743 talem
1417 717 1508 743 con·
1527 718 1549 749 4

172 770 370 810 dicionem
399 778 683 822 aspernaretur,
708 770 891 821 Elpinice
919 769 1077 822 negavit
1106 784 1148 810 se
1180 783 1383 821 passuram
1420 769 1509 809 Mil-

115 850 155 873 10
172 835 288 875 tiadis
307 835 536 887 progeniem
562 835 604 875 in
623 836 762 875 vinclis
789 835 959 887 publicis
979 835 1146 884 interire,
1170 835 1358 887 quoniam
1379 835 1508 887 prohi-

155 901 264 941 ·bere
283 909 428 953 posset,
451 915 573 953 seque
594 901 744 943 Calliae
763 909 989 953 nupturam,
1010 901 1043 941 si
1063 916 1110 942 ea
1136 915 1238 953 quae
1257 901 1508 953 polliceretur

171 967 439 1018 praestitisset.

225 1033 313 1072 Tali
343 1035 466 1073 modo
494 1034 678 1074 custodia
706 1034 893 1074 liberatus
913 1034 1060 1076 Cimon
1087 1034 1263 1075 celeriter
1285 1035 1338 1074 ad
1366 1033 1506 1086 princi·
1525 1043 1550 1071 2

171 1108 308 1151 patum
337 1100 525 1150 pervenit.
584 1101 758 1140 habebat
778 1101 884 1140 enim
911 1101 1004 1141 satis
1024 1101 1285 1152 eloquentiae,
1308 1114 1521 1153 summam

118 1181 152 1212 ¹5
172 1164 457 1214 liberalitatem,
481 1179 665 1218 magnam
695 1166 947 1218 prudentiam
974 1180 1066 1206 cum
1090 1165 1183 1205 iuris
1203 1165 1326 1205 civilis
1346 1173 1429 1205 tum
1450 1164 1504 1205 rei

173 1229 359 1279 militaris,
395 1232 506 1282 quod
543 1245 635 1271 cum
674 1239 783 1283 patre
810 1245 835 1271 a
867 1245 991 1284 puero
1029 1231 1070 1270 in
1108 1230 1342 1271 exercitibus
1379 1232 1505 1271 fuerat

171 1304 358 1335 versatus.
428 1296 562 1348 itaque
591 1296 655 1336 hic
684 1305 724 1337 et
752 1299 946 1349 populum
975 1297 1172 1337 urbanum
1201 1296 1242 1336 in
1274 1309 1346 1336 sua
1378 1296 1505 1336 tenuit

170 1369 366 1412 potestate
400 1370 439 1401 et
469 1363 577 1414 apud
610 1363 824 1402 exercitum
858 1363 1072 1414 plurimum
1105 1362 1227 1402 valuit
1259 1361 1501 1402 auctoritate.

170 1426 340 1477 primum
375 1426 588 1478 imperator
615 1429 723 1478 apud
752 1429 902 1468 flumen
936 1430 1146 1478 Strymona
1179 1441 1341 1479 magnas
1370 1427 1505 1479 copias

112 1504 152 1527 20
169 1492 371 1531 Thracum
405 1493 564 1544 fugavit,
595 1493 791 1544 oppidum
820 1493 1096 1544 Amphipolim
1134 1492 1339 1532 constituit
1376 1506 1505 1544 eoque
1528 1509 1544 1531 2

169 1557 309 1597 decem
331 1558 438 1597 milia
457 1558 763 1598 Atheniensium
785 1558 825 1597 in
845 1558 1045 1599 coloniam
1067 1558 1181 1598 misit.
1235 1558 1342 1598 idem
1362 1557 1503 1598 iterum

168 1624 276 1674 apud
326 1625 512 1675 Mycalen
561 1624 796 1676 Cypriorum
852 1632 892 1664 et
944 1624 1191 1664 Phoenicum
1242 1625 1503 1664 ducentarum

169 1689 327 1728 navium
349 1692 515 1730 classem
537 1690 735 1730 devictam
763 1690 869 1741 cepit
896 1691 1121 1741 eodemque
1146 1689 1211 1729 die
1239 1689 1321 1741 pari
1347 1691 1505 1730 fortuna

169 1754 209 1793 in
230 1763 330 1794 terra
350 1770 444 1795 usus
464 1764 533 1795 est.
579 1770 753 1807 namque
779 1755 952 1795 hostium
973 1755 1140 1795 navibus
1160 1755 1285 1806 captis
1305 1754 1435 1795 statim
1457 1769 1504 1794 ex
1525 1769 1542 1800 3

110 1831 148 1863 25
169 1821 293 1860 classe
313 1821 447 1873 copias
468 1835 558 1861 suas
578 1822 713 1861 eduxit
734 1822 1070 1872 barbarorumque
1091 1820 1302 1860 maximam
1322 1819 1400 1860 vim
1422 1834 1503 1860 uno

170 1899 365 1925 concursu
404 1887 624 1938 prostravit.
692 1901 771 1939 qua
800 1886 962 1926 victoria
996 1899 1140 1938 magna
1172 1887 1318 1938 praeda
1354 1885 1540 1937 potitus4

168 1964 259 1990 cum
307 1953 472 1991 domum
513 1961 780 2002 reverteretur,
819 1955 930 2004 quod
976 1951 1054 1991 iam
1098 1953 1313 1991 nonnullae
1351 1950 1502 1991 insulae

168 2024 326 2068 propter
353 2017 607 2058 acerbitatem
633 2019 785 2071 imperii
812 2020 1050 2067 defecerant,
1074 2018 1176 2058 bene
1195 2016 1388 2057 animatas
1411 2030 1503 2056 con-

168 2082 345 2130 firmavit,
369 2083 557 2123 alienatas
578 2085 629 2124 ad
649 2085 822 2124 officium
844 2085 970 2125 redire
990 2084 1132 2137 coegit.
1185 2086 1363 2134 Scyrum,
1382 2095 1501 2134 quam
1522 2096 1540 2128 5

105 2159 147 2191 30
166 2160 215 2186 eo
243 2155 421 2199 tempore
451 2150 628 2200 Dolopes
656 2149 895 2200 incolebant,
918 2153 1027 2203 quod
1052 2148 1327 2191 contumacius
1354 2162 1395 2188 se
1421 2161 1503 2199 ges·

167 2221 308 2262 serant,
342 2214 568 2262 vacuefecit,
606 2229 776 2255 sessores
810 2224 961 2256 veteres
996 2216 1092 2256 urbe
1133 2215 1340 2266 insulaque
1373 2212 1499 2262 eiecit,

206 2328 226 2357 3
252 2317 477 2358 Helpicenem
505 2319 594 2351 Dan.
619 2320 666 2352 P:
702 2320 919 2361 Delpicenem
951 2320 1043 2354 AB:
1081 2322 1292 2363 helpenicem
1318 2320 1377 2353 R:
1399 2320 1500 2361 Elpe-

163 2361 270 2392 niccm
289 2361 330 2392 M
457 2372 477 2401 5
502 2374 579 2395 nam
596 2364 627 2396 θ’
770 2376 812 2405 29
837 2366 983 2406 Scyrum
1005 2376 1027 2396 u
1048 2369 1076 2397 et
1093 2364 1167 2398 dett.
1186 2377 1192 2397 :
1228 2366 1379 2407 Cyprum
1407 2364 1499 2396 Dan.

161 2403 335 2437 ABPMR
