1746 2740
141 125 231 165 XX.
253 126 299 163 iii
615 125 868 166 CORNELI
899 125 1140 166 NEPOTIS

225 235 382 276 urbium
416 249 562 284 earum,
594 250 675 276 non
706 236 762 276 illi
799 236 868 288 qui
904 236 1018 276 initio
1054 237 1310 286 deduxerant,
1341 236 1549 278 videretur.

189 314 207 346 3
225 314 356 341 arcem
376 301 585 353 Syracusis,
608 315 729 353 quam
755 301 948 341 munierat
976 301 1191 353 Dionysius
1215 303 1269 341 ad
1290 302 1430 342 urbem
1449 301 1552 342 obsi-

226 368 411 416 dendam,
432 380 456 406 a
474 366 743 407 fundamentis
762 366 926 415 disiecit,
948 374 1077 407 cetera
1095 366 1311 418 tyrannidis
1334 380 1553 419 propugna-

225 434 314 472 cula
333 432 546 473 demolitus
566 440 625 472 est
644 432 834 484 deditque
854 446 1025 484 operam,
1043 440 1086 472 ut
1106 446 1226 483 quam
1246 432 1410 472 minime
1429 433 1552 472 multa

151 529 154 532 Α
187 497 387 549 4vestigia
415 497 609 537 servitutis
638 504 853 537 manerent.
911 511 1003 537 cum
1037 497 1155 537 tantis
1185 504 1287 537 esset
1324 497 1478 549 opibus,
1509 504 1552 536 ut
1571 510 1589 543 5

225 562 344 602 etiam
364 561 495 602 invitis
515 562 706 614 imperare
720 570 866 613 posset,
879 570 1032 602 tantum
1045 570 1179 602 autem
1193 576 1370 602 amorem
1390 563 1553 602 haberet

225 627 405 666 omnium
438 627 671 676 Siculorum,
701 635 745 666 ut
781 628 891 667 nullo
924 635 1129 667 recusante
1166 641 1329 679 regnum
1360 626 1550 675 obtinere,

224 692 362 732 maluit
391 706 433 732 se
461 692 569 744 diligi
598 706 718 744 quam
747 691 880 732 metui.
937 692 1081 744 itaque,
1103 706 1195 731 cum
1221 691 1390 743 primum
1411 692 1550 744 potuit,

224 757 432 809 imperium
470 758 655 809 deposuit
685 772 731 797 ac
767 757 940 809 privatus
973 757 1183 808 Syracusis,
1216 759 1325 808 quod
1358 757 1552 809 reliquum

185 836 204 868 5
222 823 325 863 vitae
354 823 437 872 fuit,
458 823 563 863 vixit.
620 837 751 875 neque
770 837 863 863 vero
890 823 931 862 id
961 822 1139 874 imperite
1167 823 1283 862 fecit:
1321 836 1414 862 nam
1442 824 1552 874 quod
1574 839 1613 863 10

222 888 342 928 ceteri
379 902 489 939 reges
526 888 692 940 imperio
728 895 953 939 potuerunt,
992 889 1057 927 hic
1096 888 1372 928 benevolentia
1412 887 1549 928 tenuit.

223 955 354 993 nullus
382 955 511 993 honos
539 953 632 994 huic
660 954 796 1001 defuit,
828 967 958 1004 neque
986 960 1124 1004 postea
1151 966 1212 993 res
1245 954 1325 992 ulla
1351 952 1552 1004 Syracusis

223 1026 332 1069 gesta
360 1026 419 1059 est
446 1018 616 1070 publice,
639 1019 691 1058 de
719 1032 797 1069 qua
824 1018 931 1071 prius
959 1017 1009 1057 sit
1037 1019 1241 1058 decretum
1270 1032 1390 1069 quam
1418 1018 1551 1057 Timo-

185 1088 204 1121 6
224 1083 365 1123 leontis
391 1083 587 1124 sententia
612 1083 779 1134 cognita.
838 1082 983 1123 nullius
1012 1097 1201 1134 umquam
1231 1083 1440 1123 consilium
1468 1097 1550 1123 non

224 1150 346 1188 modo
374 1151 600 1196 antelatum,
623 1149 695 1187 sed
722 1162 773 1187 ne
801 1155 1072 1199 comparatum
1102 1147 1264 1199 quidem
1293 1156 1362 1187 est.
1420 1162 1551 1200 neque
1574 1163 1611 1196 ¹⁵

222 1211 262 1252 id
285 1213 407 1264 magis
428 1212 705 1253 benevolentia
723 1213 870 1251 factum
891 1220 950 1252 est
969 1226 1090 1264 quam
1109 1212 1327 1264 prudentia.

175 1285 203 1324 4
277 1277 359 1318 Hic
392 1292 483 1318 cum
514 1285 642 1318 aetate
672 1277 750 1317 iam
780 1286 989 1329 provectus
1023 1286 1136 1326 esset,
1169 1277 1253 1318 sine
1292 1279 1372 1318 ullo
1410 1279 1550 1318 morbo

222 1343 373 1383 lumina
395 1345 601 1383 oculorum
624 1343 765 1383 amisit.
829 1356 948 1394 quam
973 1343 1234 1383 calamitatem
1265 1343 1319 1382 ita
1347 1344 1549 1384 m'oderate

222 1408 321 1457 tulit,
343 1416 386 1448 ut
406 1422 536 1460 neque
555 1422 645 1448 eum
673 1416 903 1459 querentem
929 1407 1139 1459 quisquam
1164 1408 1331 1448 audierit
1350 1423 1480 1460 neque
1499 1423 1549 1449 eo

115 1462 124 1471 ⁶
185 1486 200 1508 2
222 1473 352 1513 minus
371 1473 530 1525 privatis
545 1473 793 1526 publicisque
804 1474 921 1513 rebus
934 1473 1160 1513 interfuerit.
1218 1473 1400 1514 veniebat
1414 1482 1546 1514 autem
1567 1490 1610 1513 20

221 1537 262 1577 in
291 1539 498 1587 theatrum,
529 1552 620 1578 cum
649 1538 704 1578 ibi
732 1538 945 1578 concilium
974 1538 1111 1590 populi
1141 1539 1360 1587 haberetur,
1390 1547 1549 1591 propter

220 1603 487 1643 valetudinem
513 1611 648 1643 vectus
673 1603 857 1643 iumentis
882 1603 1037 1652 iunctis,
1058 1611 1178 1655 atque
1206 1603 1260 1643 ita
1287 1605 1339 1644 de
1366 1604 1549 1644 vehiculo

220 1682 322 1719 quae
337 1668 572 1708 videbantur
584 1668 753 1708 dicebat.
811 1682 942 1720 neque
954 1670 1032 1708 hoc
1051 1668 1106 1708 illi
1126 1669 1335 1720 quisquam
1351 1669 1548 1709 tribuebat

221 1733 450 1784 superbiae:
498 1734 595 1773 nihil
633 1733 739 1774 enim
786 1748 976 1786 umquam
1018 1748 1150 1785 neque
1196 1734 1370 1774 insolens
1416 1748 1547 1785 neque

183 1810 201 1841 3
220 1798 432 1849 gloriosum
460 1813 507 1839 ex
531 1812 598 1838 ore
621 1798 705 1838 eius
734 1798 837 1839 exiit.
895 1798 963 1850 qui
990 1798 1166 1850 quidem,
1185 1812 1276 1838 cum
1299 1812 1390 1838 suas
1409 1799 1546 1839 laudes
1566 1813 1606 1846 ²5

219 1863 372 1903 audiret
400 1863 629 1914 praedicari,
649 1877 867 1915 numquam
896 1863 1004 1904 aliud
1032 1863 1130 1903 dixit
1158 1877 1277 1915 quam
1307 1877 1348 1903 se
1374 1863 1414 1902 in
1440 1877 1487 1903 ea
1506 1877 1546 1903 re

221 1928 390 1968 maxime
410 1928 485 1969 diis
504 1942 618 1980 agere
637 1928 778 1980 gratias
797 1936 917 1980 atque
936 1929 1092 1978 habere,
1115 1929 1235 1979 quod,
1257 1942 1348 1967 cum
1373 1928 1544 1968 Siciliam

220 2006 393 2033 recreare
429 1993 736 2041 constituissent,
776 2001 860 2032 tum
898 2006 940 2032 se
987 1993 1235 2044 potissimum
1278 1994 1421 2033 ducem
1459 2007 1545 2033 esse

181 2058 445 2103 4voluissent.
514 2058 611 2097 nihil
649 2058 754 2098 enim
793 2071 920 2098 rerum
958 2059 1219 2097 humanarum
1257 2058 1342 2097 sine
1378 2060 1542 2098 deorum

220 2123 382 2164 numine
393 2123 474 2175 geri
486 2124 649 2175 putabat
663 2138 674 2173 3
702 2123 834 2174 itaque
853 2136 947 2162 suae
966 2122 1076 2162 domi
1092 2124 1279 2162 sacellum
1295 2123 1542 2163 Automatias
1561 2137 1603 2169 30

219 2189 473 2229 constituerat
491 2188 613 2240 idque
632 2188 877 2228 sanctissime
895 2188 1062 2227 colebat.

176 2256 200 2296 5
272 2254 337 2293 Ad
357 2254 459 2293 hanc
479 2253 651 2293 hominis
672 2254 927 2292 excellentem
957 2252 1174 2291 bonitatem
1202 2252 1397 2292 mirabiles
1416 2266 1544 2293 acces-

264 2368 280 2396 7
306 2356 459 2388 obtinere
487 2357 746 2388 Freinshemius:
787 2361 853 2387 -ret
884 2355 973 2387 codd.
1138 2357 1178 2387 16
1201 2357 1307 2395 magis
1335 2356 1408 2387 eius
1438 2356 1536 2387 Fleck.

218 2410 258 2439 27
283 2401 446 2431 maximas
463 2401 560 2431 MRu
681 2403 722 2431 28
747 2401 994 2431 constituerunt
1011 2399 1064 2430 uel
1082 2400 1336 2431 constituissent
1353 2400 1423 2430 ΑΡ
