1746 2740
146 110 243 149 VII.
264 109 343 148 viii
637 109 893 150 CORNELI
924 111 964 151 N
968 110 1166 150 EPOTIS

231 235 325 261 nam
354 223 573 273 Lysander,
595 236 688 262 cum
717 235 787 274 per
816 220 1082 274 speculatores
1114 224 1371 275 comperisset
1403 225 1566 276 vulgum

230 286 536 327 Atheniensium
563 287 606 328 in
630 295 772 327 terram
801 289 1033 339 praedatum
1060 288 1185 328 exisse
1216 302 1416 340 navesque
1438 302 1565 341 paene

231 351 369 392 inanes
406 351 572 401 relictas,
611 360 768 404 tempus
805 352 860 392 rei
897 353 1093 404 gerendae
1130 367 1212 394 non
1250 353 1400 393 dimisit
1436 367 1565 406 eoque

231 417 383 470 impetu
403 418 551 457 bellurn
571 425 699 457 totum
719 417 874 458 delevit.

187 496 216 534 9
288 483 343 523 At
362 482 601 532 Alcibiades,
622 480 743 523 victis
755 482 1067 524 Atheniensibus
1095 497 1177 523 non
1203 484 1296 523 satis
1319 491 1404 524 tuta
1418 485 1564 524 eadem
1583 497 1601 531 5

232 550 320 589 loca
348 541 423 587 sibi
450 547 653 597 arbitrans,
683 548 840 600 penitus
869 548 910 588 in
938 549 1150 594 Threciam
1178 562 1220 589 se
1249 563 1366 600 supra
1391 551 1565 601 Propon-

230 614 354 654 tidem
377 614 542 662 abdidit,
568 628 729 666 sperans
753 614 809 654 ibi
839 614 1024 655 facillime
1059 629 1170 655 suam
1203 617 1402 655 fortunam
1434 616 1564 656 occuli

195 695 210 717 2
229 693 357 731 posse.
415 681 524 719 salso.
583 693 676 719 nam
709 681 894 728 Threces,
930 687 1142 732 postquam
1174 694 1266 720 eum
1297 694 1389 720 cum
1421 694 1564 732 magna

228 746 397 797 pecunia
425 745 580 786 venisse
608 754 825 794 senserunt,
856 745 1019 785 insidias
1050 747 1253 785 fecerunt:
1282 746 1351 796 qui
1381 759 1428 785 ea
1460 759 1564 798 quae

191 827 209 859 3
227 805 451 863 apportarat
478 812 736 860 abstulerunt,
765 811 896 863 ipsum
926 826 1066 863 capere
1100 826 1181 850 non
1215 819 1438 863 potuerunt.
1497 811 1562 851 ille
1583 825 1624 849 10

228 889 394 917 cernens
412 878 564 916 nullum
584 878 718 916 locum
738 877 813 933 sibi
837 885 967 917 tutum
998 877 1038 916 in
1060 877 1226 917 Graecia
1247 884 1406 928 propter
1425 886 1563 928 poten·

228 941 324 981 tiam
345 941 753 982 Lacedaemoniorum
771 943 823 982 ad
851 944 1149 982 Pharnabazum
1178 942 1218 980 in
1238 941 1375 981 Asiam
1397 942 1558 992 transiit,

228 1021 348 1059 quem
371 1007 533 1059 quidem
561 1009 664 1047 adeo
693 1020 764 1052 sua
786 1007 891 1058 cepit
918 1008 1175 1055 humanitate;
1198 1016 1241 1047 ut
1267 1021 1357 1047 eum
1380 1021 1500 1047 nemo
1520 1008 1560 1047 in

226 1072 399 1112 amicitia
435 1074 696 1112 antecederet.
773 1086 947 1124 namque
990 1073 1026 1112 ei
1072 1073 1265 1124 Grynium
1304 1074 1477 1120 dederat,
1518 1073 1559 1112 in

229 1138 396 1189 Phrygia
436 1145 619 1185 castrum,
659 1151 707 1177 ex
746 1151 827 1189 quo
865 1138 1144 1189 quinquagena
1182 1140 1328 1178 talenta
1358 1140 1559 1191 vectigalis
1580 1149 1618 1182 15

189 1218 211 1250 4
228 1203 418 1254 capiebat.
477 1217 556 1255 qua
574 1205 730 1242 fortuna
748 1203 977 1244 Alcibiades
997 1218 1079 1243 non
1098 1212 1179 1244 erat
1200 1212 1410 1244 contentus
1429 1219 1560 1257 neque

228 1271 406 1309 Athenas
425 1268 548 1308 victas
575 1268 902 1308 Lacedaemoniis
927 1269 1069 1308 servire
1092 1277 1247 1320 poterat
1277 1270 1369 1321 pati.
1427 1270 1560 1322 itaque

191 1351 209 1382 5
227 1336 279 1374 ad
316 1334 481 1386 patriam
519 1334 763 1374 liberandam
797 1333 908 1373 omni
941 1335 1138 1374 serebatur
1175 1334 1425 1386 cogitatione.
1485 1337 1556 1376 sed

228 1400 388 1439 videbat
418 1399 459 1439 id
490 1399 574 1439 sine
604 1412 693 1450 rege
725 1401 842 1438 Perse
875 1412 958 1438 non
984 1413 1101 1450 posse
1136 1400 1232 1447 fieri,
1264 1400 1436 1451 ideoque
1466 1414 1558 1441 eum

228 1465 400 1505 amicum
421 1465 496 1504 sibi
515 1464 699 1516 cupiebat
718 1464 880 1515 adiungi
900 1477 1030 1515 neque
1050 1465 1258 1504 dubitabat
1278 1465 1391 1505 facile
1411 1478 1453 1505 se
1468 1480 1559 1505 con·
1580 1479 1620 1501 20

229 1538 465 1579 secuturum,
488 1530 520 1569 si
540 1531 662 1569 modo
682 1529 766 1569 eius
785 1529 1054 1569 conveniundi
1078 1530 1281 1570 habuisset
1307 1538 1556 1582 potestatem.

229 1610 321 1636 nam
343 1597 487 1647 Cyrum
518 1596 675 1634 fratrem
704 1594 740 1634 ei
769 1595 918 1634 bellum
947 1596 1049 1634 clam
1074 1608 1210 1646 parare
1231 1596 1558 1636 Lacedaemoniis

228 1661 506 1702 adiuvantibus
526 1661 674 1700 sciebat
693 1675 700 1699 :
730 1659 772 1700 id
791 1660 823 1699 si
843 1660 1070 1712 aperuisset,
1093 1674 1274 1712 magnam
1300 1676 1342 1702 se
1370 1662 1556 1702 initurum

227 1727 390 1779 gratiam
409 1727 579 1767 videbat.

165 1803 212 1831 10
286 1796 378 1832 Hoc
397 1807 487 1832 cum
509 1793 710 1832 moliretur
721 1800 950 1844 peteretque
968 1807 991 1832 a
1012 1793 1276 1840 Pharnabazo,
1292 1800 1334 1832 ut
1353 1794 1404 1833 ad
1424 1806 1555 1844 regem
1576 1805 1616 1838 ²5

231 1858 456 1906 mitteretur,
487 1860 630 1898 eodem
658 1866 836 1909 tempore
860 1858 1002 1898 Critias
1030 1859 1227 1910 ceterique
1256 1858 1408 1909 tyranni
1437 1859 1559 1898 Athe·

229 1924 424 1964 niensium
446 1932 572 1963 certos
592 1924 774 1964 homines
793 1926 845 1964 ad
866 1926 1113 1975 Lysandrum
1140 1924 1180 1963 in
1201 1924 1337 1964 Asiam
1358 1924 1555 1972 miserant,

230 1989 299 2040 qui
318 2003 407 2029 eum
428 1989 632 2029 certiorem
653 1991 835 2037 facerent,
858 1989 933 2028 nisi
944 1989 1193 2029 Alcibiadem
1213 1989 1443 2037 sustulisset,
1459 1988 1557 2027 nihil

231 2069 364 2095 earum
394 2069 523 2094 rerum
550 2057 633 2094 fore
660 2063 799 2102 ratum,
830 2068 928 2105 quas
960 2054 1044 2105 ipse
1069 2053 1237 2093 Athenis
1271 2052 1555 2093 constituisset:

232 2134 365 2171 quare,
385 2121 416 2159 si
436 2134 526 2159 suas
552 2134 612 2159 res
634 2128 762 2171 gestas
790 2133 948 2158 manere
967 2120 1093 2166 vellet,
1116 2118 1225 2157 illum
1246 2125 1552 2169 persequeretur.
1576 2130 1616 2161 30

196 2200 212 2222 2
232 2186 293 2224 his
323 2187 430 2224 Laco
459 2186 574 2224 rebus
603 2193 827 2224 commotus
856 2184 990 2223 statuit
1015 2183 1233 2223 accuratius
1256 2182 1330 2222 sibi
1355 2184 1554 2234 agendum

230 2263 322 2289 curn
345 2251 608 2289 Pharnabazo.
667 2249 758 2289 huic
778 2263 870 2300 ergo
890 2248 1085 2288 renuntiat
1105 2261 1206 2299 quae
1226 2247 1304 2298 regi
1325 2261 1415 2286 cum
1438 2249 1555 2286 Lace-

275 2365 293 2392 4
317 2359 422 2385 totum
449 2353 574 2384 bellum
590 2354 620 2385 ς
750 2362 792 2391 32
816 2353 892 2384 huic
916 2351 1088 2383 Schottus:
1120 2351 1317 2383 societatem
1341 2351 1418 2382 huic
1441 2349 1555 2383 codd.:

230 2397 425 2430 societatem
438 2397 517 2437 (om.
538 2396 628 2434 huic)
647 2395 782 2427 Leutsch
