1746 2740
674 373 1143 424 FRAGMENTA

298 538 329 563 1.
360 526 508 563 VERBA
537 539 583 564 ex
613 524 780 576 epistula
813 523 1021 565 Corneliae
1059 525 1328 564 Gracchorum
1358 523 1491 564 matris
1519 539 1566 564 ex

238 588 339 628 libro
359 589 519 630 Corneli
541 589 708 641 Nepotis
728 591 779 629 de
800 588 950 628 Latinis
971 588 1165 628 historicis
1184 597 1375 640 excerpta.

294 653 413 693 Dices
439 655 651 705 ,pulchrum
682 668 767 694 esse
796 653 977 694 inimicos
1006 653 1152 693 ulcisci.
1211 653 1252 693 id
1281 667 1411 704 neque
1440 654 1566 694 maius

238 732 368 770 neque
397 719 597 769 pulchrius
626 719 811 770 cuiquam
841 726 960 770 atque
990 719 1086 758 mihi
1117 733 1203 758 esse
1237 718 1403 767 videtur,
1433 720 1504 759 sed
1533 719 1564 758 si

237 784 352 824 liceat
385 798 431 824 ea
464 799 504 824 re
535 784 695 836 publica
725 786 832 824 salva
866 798 912 824 ea
942 784 1134 836 persequi.
1196 785 1267 823 sed
1301 790 1495 834 quatenus
1513 774 1564 824 'id
1584 801 1603 834 5

237 849 318 889 sieri
339 863 419 889 non
440 857 580 901 potest,
608 851 733 889 multo
763 857 939 901 tempore
969 849 1181 901 multisque
1211 848 1387 899 partibus
1413 847 1563 888 inimici

234 915 358 955 nostri
377 930 458 956 non
479 916 662 967 peribunt
681 923 811 968 atque,
833 916 889 956 uti
909 931 1015 956 nunc
1035 924 1137 964 sunt,
1159 923 1272 955 erunt
1291 915 1422 968 potius
1443 928 1562 966 quam

235 995 295 1020 res
316 981 474 1033 publica
494 981 720 1033 profligetur
738 990 858 1033 atque
877 990 1021 1033 pereat.

711 1048 863 1087 Eadem
883 1047 962 1086 alio
982 1048 1081 1087 loco.

292 1125 324 1150 2.
366 1111 508 1151 Verbis
550 1112 753 1163 conceptis
795 1111 968 1156 deierare
1012 1111 1150 1160 ausim,
1181 1119 1452 1163 praeterquam
1492 1111 1559 1163 qui
1584 1127 1623 1150 10

234 1176 437 1216 Tiberium
459 1178 683 1217 Gracchum
713 1185 914 1226 necarunt,
945 1177 1144 1216 neminem
1174 1177 1378 1216 inimicum
1406 1184 1560 1217 tantum

234 1241 436 1281 molestiae
470 1249 702 1293 tantumque
731 1242 886 1290 laboris,
915 1250 1107 1293 quantum
1127 1250 1166 1282 te
1192 1242 1245 1281 ob
1269 1243 1339 1281 has
1359 1255 1430 1290 res,
1462 1241 1558 1281 mihi

233 1305 467 1346 tradidisse:
505 1320 623 1358 quem
649 1307 856 1359 oportebat
879 1307 1057 1347 omnium
1085 1321 1232 1355 eorum,
1264 1321 1364 1358 quos
1390 1308 1558 1347 antehac

233 1371 353 1410 habui
373 1371 528 1420 liberos,
551 1371 669 1423 partis
691 1370 860 1425 [eorum]
882 1374 1046 1412 tolerare
1068 1380 1187 1423 atque
1207 1386 1352 1420 curare,
1375 1380 1418 1412 ut
1438 1385 1558 1424 quam

233 1435 440 1475 minimum
470 1436 745 1476 sollicitudinis
774 1437 813 1475 in
848 1445 1007 1477 senecta
1035 1438 1233 1486 haberem,
1264 1437 1411 1488 utique,
1442 1451 1559 1492 quae·
1581 1449 1619 1484 ¹5

231 1514 403 1552 cumque
432 1515 577 1553 agereS,
610 1516 657 1541 ea
685 1504 804 1542 velles
838 1502 1006 1542 maxime
1037 1502 1132 1541 mihi
1159 1504 1323 1554 placere,
1354 1510 1473 1554 atque
1500 1501 1556 1541 uti

231 1567 341 1605 nefas
361 1566 526 1606 haberes
553 1581 679 1606 rerum
711 1566 902 1607 maiorum
931 1568 1140 1607 adversum
1170 1581 1299 1607 meam
1321 1566 1555 1607 sententiam

231 1631 443 1683 quicquam
488 1634 626 1682 facere,
662 1632 888 1684 praesertim
936 1632 1044 1681 mihi,
1090 1632 1157 1684 qui
1189 1646 1306 1684 parva
1336 1646 1425 1683 pars
1455 1631 1557 1671 vitae

232 1705 417 1748 superest.
467 1711 518 1737 ne
538 1697 578 1737 id
598 1697 760 1748 quidem
788 1705 865 1737 tam
897 1697 1014 1737 breve
1034 1697 1203 1749 spatium
1219 1705 1348 1750 potest
1362 1696 1555 1749 opitulari,

233 1762 328 1813 quin
358 1769 397 1801 et
426 1761 522 1801 mihi
542 1763 746 1802 adversere
766 1770 805 1801 et
825 1762 1109 1813 rempublicam
1131 1762 1313 1814 profliges
1328 1765 1346 1802 ?
1384 1761 1557 1813 denique
1578 1775 1618 1798 20

231 1840 332 1878 quae
352 1840 475 1878 pausa
493 1826 593 1866 erit?
621 1828 831 1878 ecquando
860 1827 1014 1867 desinet
1040 1827 1188 1867 familia
1207 1834 1340 1867 nostra
1359 1826 1558 1866 insanire?

231 1893 439 1943 ecquando
474 1893 617 1932 modus
646 1892 682 1931 ei
706 1891 759 1931 rei
786 1892 920 1932 haberi
954 1893 1125 1944 poterit?
1167 1893 1376 1943 ecquando
1406 1891 1558 1931 desine·

233 1971 320 1996 mus
340 1964 378 1996 et
394 1958 584 1997 habentes
600 1964 638 1996 et
652 1958 885 2008 praebentes
907 1957 1096 1996 molestiis
1111 1956 1289 1996 insistere
1301 1958 1319 1994 ?
1347 1956 1557 2007 ecquando

232 2023 492 2073 perpudescet
512 2021 715 2062 miscenda
733 2029 852 2073 atque
874 2022 1139 2073 perturbanda
1158 2035 1199 2060 re
1218 2020 1406 2072 publica?
1433 2021 1503 2060 sed
1523 2018 1555 2059 si

232 2085 396 2125 omnino
410 2085 450 2125 id
470 2085 551 2125 fieri
572 2099 652 2125 non
673 2094 814 2136 potest,
838 2086 905 2125 ubi
927 2100 1000 2137 ego
1022 2094 1176 2125 mortua
1195 2099 1273 2133 er0,
1295 2085 1419 2136 petito
1439 2084 1555 2124 tribu·
1576 2096 1616 2130 25

233 2158 368 2189 natum
389 2165 396 2188 :
425 2163 493 2201 per
514 2164 576 2189 me
597 2150 715 2190 facito
735 2151 844 2201 quod
865 2150 1028 2198 lubebit,
1060 2164 1150 2189 cum
1180 2163 1254 2201 ego
1274 2163 1354 2189 non
1375 2149 1551 2188 sentiam.

281 2264 308 2294 1,
328 2264 347 2285 2
371 2265 415 2285 ex
431 2254 549 2286 eodem
567 2254 651 2285 libro
668 2253 701 2284 A
792 2255 814 2285 6
846 2254 953 2286 multo
968 2253 1140 2295 tempore]
1159 2253 1246 2284 malo
1263 2257 1433 2293 temperes
1448 2251 1557 2294 Bergk

236 2307 271 2328 11
298 2298 466 2329 inimicum
483 2309 549 2329 om.
571 2297 633 2338 Gis.
650 2299 693 2339 (2)
779 2307 818 2337 13
842 2297 989 2328 omnium
1006 2307 1158 2328 meorum
1176 2296 1263 2327 Roth
1377 2305 1414 2335 14
1439 2305 1555 2327 eorum

233 2352 299 2373 om.
316 2340 362 2372 ed.
378 2339 564 2372 Savaronis
711 2351 752 2372 20
776 2341 959 2372 aduersere
978 2340 1040 2380 th
1056 2351 1063 2372 t
1087 2340 1249 2371 aduersas
1265 2338 1298 2369 A
1313 2349 1321 2371 τ
1344 2339 1506 2371 aduerses
1524 2337 1556 2369 R

233 2394 274 2423 23
300 2384 458 2416 insistere
475 2384 573 2426 Nipp.
590 2394 598 2415 ε
623 2383 786 2416 desistere
802 2383 891 2416 codd.
