1746 2740
137 105 296 143 XVIII.
319 106 365 142 xi
618 106 872 146 CORNELI
901 100 1142 146 NE'POTIS

182 233 198 256 2
219 218 401 258 nondum
426 218 534 259 enim
559 226 757 268 statuerat,
777 226 1025 259 conservaret
1047 233 1139 260 eum
1164 232 1303 260 necne.
1359 219 1544 261 veniebat

217 291 350 324 autem
386 286 439 325 ad
477 286 700 325 Eumenem
736 292 948 337 utrumque
984 298 1108 337 genus
1140 285 1360 335 hominum,
1398 293 1439 326 et
1474 285 1543 338 qui

217 357 376 402 propter
402 350 540 390 odium
568 352 738 390 fructum
764 350 888 390 oculis
915 365 963 391 ex
988 351 1072 391 eius
1101 365 1194 391 casu
1221 365 1362 403 capere
1383 353 1540 401 vellent,

215 422 255 455 et
292 415 361 468 qui
397 424 556 468 propter
591 424 764 456 veterem
806 416 1020 458 amicitiam
1057 417 1230 468 colloqui
1267 417 1542 469 consolarique

154 527 157 530 ‚
215 488 414 532 cuperent,
438 481 551 521 multi
579 482 710 530 etiam,
737 480 806 533 qui
834 481 918 521 eius
946 483 1114 522 formam
1142 495 1381 533 cognoscere
1408 483 1542 522 stude·
1559 499 1579 532 5

215 546 322 594 bant,
344 546 470 598 qualis
498 554 611 595 esset,
634 560 753 598 quem
782 554 863 586 tam
891 546 960 586 diu
986 554 1148 598 tamque
1166 548 1281 586 valde
1305 546 1538 596 timuissent,

177 624 195 656 3
214 611 326 651 cuius
358 611 400 651 in
432 611 606 663 pernicie
637 611 807 663 positam
840 625 952 663 spem
985 612 1215 652 habuissent
1247 611 1442 652 victoriae.
1499 620 1541 653 at

214 678 426 726 Eumenes,
466 691 558 716 cum
595 677 742 717 diutius
780 677 821 717 in
858 677 997 717 vinclis
1034 684 1150 726 esset,
1182 677 1236 716 ait
1270 678 1536 726 Onomarcho,

212 755 334 793 penes
358 756 478 794 quem
504 755 660 781 summa
678 741 831 794 imperii
856 749 938 782 erat
957 742 1175 791 custodiae,
1195 755 1237 782 se
1257 741 1397 790 mirari,
1418 755 1540 794 quare

211 807 290 846 iam
319 807 476 847 tertium
505 807 613 847 diem
642 807 698 847 sic
726 814 945 847 teneretur:
975 821 1057 847 non
1086 807 1192 847 enim
1222 808 1299 846 hoc
1327 807 1538 847 convenire
1559 824 1599 848 10

211 873 402 924 Antigoni
439 873 683 924 prudentiae,
723 880 766 913 ut
804 873 860 913 sic
897 874 1123 913 deuteretur
1160 872 1289 912 vieto:
1336 872 1432 924 quin
1468 881 1537 913 aut

171 950 192 981 4
210 938 377 978 interfici
404 945 472 977 aut
500 938 665 978 missum
694 937 777 977 fieri
805 938 967 978 iuberet.
1025 938 1090 977 hic
1118 951 1210 978 cum
1239 937 1407 978 ferocius
1430 938 1538 978 Ono-

210 1004 373 1044 marcho
400 1002 510 1055 loqui
538 1002 745 1051 videretur,
778 1003 928 1054 ‘quid?
960 1001 1025 1042 tu'
1053 1002 1180 1054 inquit
1211 1002 1370 1042 ‘animo
1400 1002 1432 1042 si
1461 1002 1537 1042 isto

209 1081 305 1117 eras,
326 1082 396 1108 cur
414 1081 496 1108 non
516 1068 556 1107 in
576 1068 726 1120 proelio
745 1068 922 1107 cecidisti
943 1067 1073 1119 potius
1093 1081 1213 1119 quam
1233 1067 1274 1106 in
1300 1075 1535 1119 potestatem

170 1144 188 1176 5
208 1133 358 1174 inimici
394 1131 596 1174 venires?'
644 1133 737 1173 huic
776 1135 977 1173 Eumenes
1018 1132 1189 1172 ‘utinam
1227 1132 1390 1184 quidem
1428 1133 1533 1173 istud
1555 1148 1593 1182 ¹5

207 1199 424 1239 evenisset!
453 1200 524 1239 sed
544 1211 594 1239 eo
613 1211 694 1238 non
713 1197 868 1246 accidit,
891 1199 1000 1249 quod
1027 1211 1245 1249 numquam
1264 1211 1355 1237 cum
1376 1198 1535 1238 fortiore

207 1278 295 1304 sum
328 1277 585 1316 congressus:
623 1277 704 1303 non
734 1263 841 1303 enim
869 1276 961 1302 cum
995 1273 1196 1314 quoquam
1230 1277 1338 1302 arma
1370 1263 1532 1311 contuli,

207 1329 303 1380 quin
331 1329 363 1369 is
393 1329 489 1369 mihi
518 1328 779 1368 succubuerit.
838 1329 1055 1368 nonenim
1081 1328 1223 1368 virtute
1252 1328 1437 1376 hostium,
1462 1330 1533 1368 sed

205 1394 422 1434 amicorum
448 1394 613 1445 perfidia
632 1393 788 1433 decidi.’
844 1407 974 1444 neque
995 1393 1035 1432 id
1056 1400 1137 1433 erat
1164 1394 1304 1432 falsum
1327 1406 1345 1427 *
1365 1406 1383 1427 *
1403 1407 1422 1429 *
1440 1406 1531 1432 nam

205 1467 245 1499 et
272 1459 463 1511 dignitate
491 1459 563 1498 fuit
591 1460 758 1498 honesta
786 1465 825 1498 et
853 1458 1000 1497 viribus
1027 1459 1079 1497 ad
1117 1458 1291 1498 laborem
1325 1459 1530 1498 serendum
1552 1472 1593 1496 20

205 1523 326 1563 firmis
346 1537 475 1575 neque
495 1531 575 1563 tam
596 1536 740 1574 magno
759 1536 924 1574 corpore
944 1537 1063 1574 quam
1085 1524 1206 1574 figura
1226 1531 1400 1562 venusta.

143 1593 188 1623 12
260 1590 323 1628 De
353 1589 430 1628 hoc
459 1588 683 1640 Antigonus
711 1602 803 1628 cum
831 1589 938 1627 solus
968 1587 1206 1627 constituere
1241 1601 1322 1627 non
1355 1590 1528 1636 auderet,

203 1655 254 1693 ad
292 1653 501 1693 consilium
538 1653 695 1693 rettulit.
754 1653 818 1692 hic
856 1666 947 1692 curn
985 1667 1125 1693 omnes
1158 1653 1285 1704 primo
1318 1653 1531 1705 perturbati

202 1718 487 1759 admirarentur
515 1733 597 1759 non
626 1719 703 1758 iam
732 1719 783 1758 de
813 1732 861 1758 eo
890 1726 1093 1770 sumptum
1123 1732 1208 1758 esse
1238 1718 1486 1770 supplicium,
1506 1732 1531 1758 a

203 1798 284 1835 quo
303 1792 361 1824 tot
380 1798 506 1824 annos
525 1786 628 1824 adeo
647 1791 778 1823 essent
798 1785 900 1823 male
920 1783 1054 1831 habiti,
1078 1791 1121 1823 ut
1144 1797 1261 1835 saepe
1280 1784 1331 1823 ad
1351 1785 1530 1835 despera-
1549 1797 1588 1831 ²5

203 1849 352 1888 tionem
380 1851 506 1889 forent
531 1849 704 1896 adducti,
728 1848 876 1900 quique
899 1848 1090 1887 maximos
1110 1849 1232 1888 duces
1259 1848 1527 1897 interfecisset,

167 1923 182 1945 ²
204 1914 376 1965 denique
396 1915 436 1953 in
456 1929 537 1966 quo
557 1928 638 1954 uno
657 1922 810 1953 tantum
832 1921 944 1962 esset,
963 1921 1016 1961 ut,
1039 1915 1173 1964 quoad
1193 1913 1258 1953 ille
1276 1913 1432 1962 viveret,
1454 1913 1528 1965 ipsi

203 1980 328 2018 securi
362 1994 447 2020 esse
481 1994 561 2020 non
595 1988 770 2031 possent,
806 1979 1012 2019 interfecto
1046 1980 1143 2018 nihil
1177 1980 1347 2019 habituri
1381 1979 1526 2031 negotii

203 2052 356 2100 essent:
385 2052 596 2095 postremo,
619 2045 649 2083 si
678 2044 730 2083 illi
758 2045 939 2083 redderet
966 2046 1143 2092 salutem,
1172 2044 1423 2095 quaerebant,
1445 2044 1527 2095 qui-

203 2109 277 2148 bus
295 2109 432 2148 amicis
451 2118 553 2149 esset
573 2123 735 2149 usurus:
765 2122 850 2148 sese
870 2108 976 2148 enim
997 2122 1087 2147 cum
1111 2111 1289 2148 Eumene
1308 2110 1414 2160 apud
1433 2123 1524 2148 eum
1546 2122 1586 2154 30

247 2223 283 2245 11
310 2218 463 2245 uteretur
494 2214 627 2245 deuicto
658 2213 753 2254 Nipp.
923 2212 962 2242 18
986 2212 1075 2243 enim
1107 2211 1248 2253 uirtute]
1280 2213 1370 2243 enim
1408 2212 1520 2244 inclus.

207 2256 349 2297 Wdfft'n
454 2267 492 2296 19
508 2262 582 2289 erat
595 2267 662 2288 om.
677 2257 707 2288 ς
752 2256 908 2287 lacunam
923 2256 1050 2286 notaust
1067 2255 1222 2286 Buclmer
1318 2265 1418 2295 19—21
1446 2265 1523 2286 nam

203 2324 212 2332 .
229 2324 237 2332 .
259 2323 266 2331 .
284 2305 426 2331 uenusta
445 2301 557 2331 incius.
573 2299 762 2340 Heusinger
773 2303 803 2329 et
817 2299 948 2330 Bremi:
974 2303 1008 2330 et
1028 2298 1156 2330 uiribus
1169 2323 1176 2331 .
1189 2322 1198 2330 .
1215 2322 1223 2330 .
1238 2298 1346 2330 firmis
1355 2302 1432 2340 post
1445 2309 1522 2330 nam

201 2344 404 2385 transposuit
423 2344 530 2375 Vonck
658 2353 698 2382 27
723 2348 815 2374 esset
832 2347 960 2373 tantum
976 2342 1001 2374 ς

1713 2684 1740 2740 *iffi-‘⁴
1724 2658 1731 2679 *⁴-
1723 2595 1736 2654 9-*2*
1726 2543 1733 2571 ‹-
