1746 2740
167 126 302 166 XVII.
325 126 404 165 viii
652 127 905 169 CORNELI
936 127 1176 170 NEPOTIS

213 253 230 284 5
251 250 430 277 mensam
460 237 580 277 servis
608 237 813 289 dispertiit,
844 246 974 278 cetera
1003 239 1134 279 referri
1170 239 1292 279 iussit.
1360 253 1443 291 quo
1471 241 1579 280 sacto

249 315 342 341 eum
371 302 526 342 barbari
555 302 678 354 magis
706 302 825 343 etiam
854 311 1187 355 contempserunt,
1212 305 1322 355 quod
1351 318 1442 344 eum
1470 304 1578 356 igno-

249 365 375 406 rantia
407 367 602 407 bonarum
632 381 761 407 rerum
792 368 857 408 illa
889 368 1139 419 potissimum
1176 369 1391 421 sumpsisse
1419 369 1577 409 arbitra-

250 431 404 471 bantur.
435 455 438 458 >
1269 434 1280 443 ‘

151 529 155 531 .
210 500 231 533 6
306 496 387 536 Hic
401 510 493 538 cum
506 511 553 537 ex
566 499 748 549 Aegypto
763 506 1027 547 reverteretur,
1044 500 1215 539 donatus
1229 513 1254 539 a
1272 513 1362 551 rege
1381 502 1576 540 Nectana-
1594 515 1613 548 5

249 561 343 601 bide
368 563 550 602 ducentis
574 562 710 614 viginti
736 563 902 611 talentis,
928 578 1030 615 quae
1056 564 1121 604 ille
1147 564 1299 604 muneri
1325 566 1474 616 populo
1501 579 1576 605 suo

247 627 368 675 daret,
394 627 645 679 venissetque
672 627 714 667 in
744 636 912 680 portum,
944 630 1012 680 qui
1042 629 1217 669 Menelai
1242 637 1415 679 vocatur,
1442 629 1575 671 iacens

247 692 348 732 inter
374 694 548 744 Cyrenas
574 701 613 733 et
632 696 868 745 Aegyptum,
890 694 931 733 in
951 695 1134 734 morbum
1160 695 1373 746 implicitus
1392 695 1573 751 decessit.

212 765 229 799 7
247 757 303 797 ibi
329 771 421 797 eum
446 758 575 807 amici,
597 772 678 810 quo
703 760 882 809 Spartam
911 759 1063 799 facilius
1083 761 1250 811 perferre
1269 767 1443 811 possent,
1463 761 1574 811 quod

248 824 326 862 mel
354 836 436 862 non
465 824 677 873 habebant,
699 837 789 864 cera
815 824 1151 865 circumfuderunt
1178 833 1297 877 atque
1325 825 1379 865 ita
1406 826 1573 865 domurn
1594 838 1635 861 ιο

246 889 488 928 rettulerunt.

214 1022 231 1050 1
304 1013 510 1051 EVMENES
545 1012 776 1053 Cardianus.
848 1012 965 1053 huius
1003 1013 1035 1053 si
1066 1013 1197 1054 virtuti
1235 1028 1304 1065 par
1341 1015 1434 1054 data
1470 1022 1573 1054 esset

247 1078 414 1125 fortuna,
437 1091 518 1117 non
547 1077 612 1118 ille
641 1078 804 1130 quidem
833 1078 967 1127 maior,
990 1080 1060 1119 sed
1090 1081 1216 1119 multo
1241 1079 1427 1119 illustrior
1453 1088 1573 1132 atque

246 1141 366 1181 etiam
399 1143 638 1191 honoratior,
666 1144 776 1194 quod
805 1157 970 1195 magnos
996 1144 1178 1183 homines
1203 1144 1345 1184 virtute
1375 1144 1569 1194 metimur,

211 1222 225 1243 2
245 1221 326 1247 non
347 1209 513 1248 fortuna.
571 1223 664 1248 nam
683 1223 776 1249 cum
795 1217 904 1249 aetas
923 1209 1006 1250 eius
1032 1210 1235 1250 incidisset
1253 1210 1294 1249 in
1314 1224 1362 1250 ea
1380 1218 1569 1262 tempora,
1593 1223 1631 1254 ¹5

245 1273 389 1324 quibus
419 1275 665 1314 Macedones
694 1276 888 1323 florerent,
919 1277 1087 1314 multum
1115 1275 1152 1315 ei
1180 1275 1346 1315 detraxit
1374 1275 1475 1315 inter
1502 1290 1572 1316 eos

244 1337 399 1386 viventi,
422 1339 532 1389 quod
554 1338 706 1378 alienae
731 1346 813 1378 erat
839 1339 1016 1387 civitatis,
1042 1353 1172 1391 neque
1196 1340 1304 1380 aliud
1328 1340 1420 1379 huic
1446 1340 1572 1380 defuit

207 1417 225 1448 3
244 1416 364 1454 quam
392 1416 582 1454 generosa
610 1404 735 1455 stirps.
794 1404 867 1444 etsi
895 1404 960 1444 ille
985 1405 1208 1444 domestico
1240 1418 1398 1445 summo
1426 1418 1570 1456 genere

243 1476 336 1517 erat,
350 1476 483 1508 tamen
505 1470 750 1508 Macedones
765 1482 857 1508 eum
877 1469 952 1508 sibi
971 1469 1186 1520 aliquando
1200 1469 1389 1521 anteponi
1409 1470 1569 1521 indigne

242 1534 431 1581 serebant,
464 1547 594 1585 neque
631 1542 764 1574 tamen
803 1548 885 1574 non
923 1534 1198 1586 patiebantur:
1242 1535 1426 1575 vincebat
1463 1535 1567 1575 enim
1590 1549 1630 1571 ω

242 1612 383 1639 omnes
418 1612 522 1647 cura,
561 1599 770 1651 vigilantia,
810 1599 1010 1651 patientia,
1045 1600 1258 1640 calliditate
1296 1607 1335 1640 et
1372 1600 1570 1640 celeritate

242 1664 397 1716 ingenii.

204 1747 223 1777 4
297 1730 378 1769 Hic
414 1731 805 1782 peradulescentulus
842 1732 894 1770 ad
932 1730 1146 1770 amicitiam
1179 1730 1344 1770 accessit
1383 1730 1565 1782 Philippi,

241 1798 438 1846 Amyntae
485 1795 564 1842 filii,
615 1796 801 1847 brevique
848 1803 1027 1847 tempore
1077 1796 1118 1835 in
1165 1796 1344 1836 intimam
1391 1796 1568 1848 pervenit

241 1860 566 1900 familiaritatem:
596 1862 770 1912 fulgebat
793 1861 899 1901 enim
927 1861 1004 1901 iam
1031 1861 1072 1900 in
1096 1863 1395 1901 adulescentulo
1413 1861 1567 1901 indoles
1588 1871 1626 1904 25

203 1940 221 1972 5
240 1925 401 1965 virtutis.
461 1925 594 1976 itaque
620 1939 711 1965 eum
735 1926 873 1966 habuit
898 1928 950 1966 ad
977 1940 1139 1966 manum
1165 1926 1316 1967 scribae
1335 1928 1435 1974 loco,
1457 1927 1567 1977 quod

241 1992 365 2029 multo
383 1992 491 2042 apud
505 1991 645 2031 Graios
665 1991 989 2031 honorificentius
1002 2000 1062 2031 est
1081 2006 1200 2043 quam
1219 1992 1326 2043 apud
1348 1993 1563 2031 Romanos.

239 2069 411 2106 namque
437 2057 543 2107 apud
571 2070 654 2104 nos,
683 2070 723 2096 re
749 2071 839 2096 vera
863 2056 963 2096 sicut
993 2065 1095 2105 sunt,
1125 2056 1382 2097 mercennarii
1414 2057 1566 2096 scribae

238 2119 530 2168 existimantur;
558 2129 597 2159 at
623 2122 731 2172 apud
757 2121 845 2161 illos
865 2135 886 2161 e
906 2122 1104 2160 contrario
1120 2134 1241 2162 nemo
1260 2123 1311 2161 ad
1331 2121 1372 2161 id
1391 2122 1563 2161 officium

237 2185 455 2225 admittitur
488 2185 562 2224 nisi
593 2187 761 2225 honesto
794 2188 894 2235 loco,
931 2195 970 2226 et
1003 2188 1082 2226 fide
1110 2194 1148 2226 et
1178 2186 1367 2227 industria
1395 2188 1561 2238 cognita,
1583 2201 1625 2232 30

280 2299 299 2330 5
324 2290 554 2322 Nectanabide
571 2301 615 2322 u:
641 2290 853 2323 Notanabide
865 2290 990 2323 ABR:
1015 2291 1266 2324 notonabineP
1395 2302 1434 2331 13
1458 2292 1565 2323 maior

236 2332 491 2408 {Zirstsreatrilgattpreaff
508 2345 516 2366 :
538 2334 645 2365 maior
662 2335 831 2366 extitisset
845 2334 955 2366 Halm
1043 2345 1087 2375 29
1108 2345 1128 2366 e
1144 2335 1311 2366 contrario
1327 2333 1361 2365 R
1377 2338 1406 2366 et
1419 2334 1539 2367 Lamb.
1555 2346 1562 2367 :

1731 2662 1746 2740 *ενι-κ
1732 2574 1746 2655 Λώτ-ν-
1744 2503 1746 2505 ,
