1746 2740
719 155 991 195 DATAMES
1422 156 1535 195 XIV.
1557 157 1606 194 iv

185 282 326 308 navem
368 267 612 315 conscendit,
657 266 896 316 existimans,
936 269 1047 319 quod
1083 267 1239 316 accidit,
1285 267 1437 308 facilius
1478 282 1522 308 se

185 333 478 385 imprudentem
521 346 640 385 parva
682 346 802 372 manu
844 346 1124 384 oppressurum
1172 346 1293 384 quam
1340 340 1520 384 paratum

184 398 363 450 quamvis
388 411 533 450 magno
551 397 735 438 exercitu.
793 399 868 437 hac
891 399 1046 438 delatus
1066 397 1107 437 in
1127 397 1321 446 Ciliciam,
1343 411 1521 449 egressus
1540 411 1561 441 4

184 463 288 511 inde,
311 463 397 503 dies
420 471 638 514 noctesque
658 462 731 502 iter
753 462 901 503 faciens
921 465 1098 503 Taurum
1119 462 1271 502 transiit
1291 477 1420 514 eoque
1440 477 1522 514 quo

147 539 165 572 5
183 530 386 569 studuerat
414 528 532 568 venit.
590 527 742 579 quaerit
765 527 911 579 quibus
937 527 1035 568 locis
1065 527 1114 567 sit
1141 527 1283 579 Aspis:
1317 527 1522 580 cognoscit

183 594 291 633 haud
311 595 428 645 longe
445 594 585 633 abesse
608 594 910 644 profectumque
929 607 1020 632 eum
1041 599 1240 632 venatum.
1298 606 1401 644 quae
1424 594 1522 632 dum

183 660 417 710 speculatur,
447 660 641 698 adventus
670 658 754 698 eius
783 672 902 698 causa
926 658 1188 710 cognoscitur.
1247 657 1400 698 Pisidas
1430 671 1522 698 cum

183 723 241 772 iis,
272 738 372 775 quos
401 738 536 763 secum
570 724 755 771 habebat,
784 725 836 763 ad
865 723 1128 763 resistendum
1158 723 1276 775 Aspis
1305 730 1520 775 comparat.

184 789 225 829 id
251 791 440 829 Datames
460 788 528 829 ubi
552 788 713 837 audivit,
735 802 844 828 arma
867 788 999 838 sumit,
1021 803 1114 829 suos
1138 789 1251 840 sequi
1274 788 1385 829 iubet
1398 803 1409 838 3
1437 788 1522 841 ipse
1544 799 1562 832 5

128 872 165 895 10
183 869 289 907 equo
325 854 525 894 concitato
560 856 613 894 ad
651 856 807 895 hostem
844 854 1009 895 vehitur.
1068 868 1187 906 quem
1226 856 1364 906 procul
1402 854 1523 906 Aspis

183 919 432 971 conspiciens
468 921 520 959 ad
559 933 602 959 se
639 921 830 960 ferentem
873 919 1115 971 pertimescit
1157 927 1277 972 atque
1314 933 1338 959 a
1375 927 1521 960 conatu

182 984 390 1025 resistendi
415 984 623 1024 deterritus
650 999 737 1025 sese
762 985 927 1025 dedidit.
986 986 1093 1025 hunc
1124 987 1315 1025 Datames
1344 983 1521 1024 vinctum

182 1051 234 1090 ad
263 1063 395 1101 regem
425 1051 655 1090 ducendum
685 1050 803 1090 tradit
833 1050 1066 1090 Mithridati.

240 1116 354 1154 Haec
384 1116 480 1154 dum
514 1123 712 1166 geruntur,
744 1117 976 1155 Artaxerxes
1010 1115 1278 1164 reminiscens,
1313 1129 1338 1154 a
1370 1122 1521 1167 quanto
1541 1125 1567 1166 5

129 1194 165 1226 15
185 1180 290 1219 bello
318 1181 370 1219 ad
399 1193 519 1230 quam
548 1193 708 1231 parvam
738 1193 820 1219 rem
846 1179 1066 1232 principem
1095 1181 1244 1220 ducum
1272 1180 1453 1230 misisset,
1479 1194 1522 1221 se

184 1244 269 1295 ipse
289 1244 541 1296 reprehendit
561 1252 600 1284 et
623 1244 807 1284 nuntium
826 1246 879 1285 ad
898 1245 1113 1285 exercitum
1133 1247 1246 1286 Acen
1271 1245 1387 1294 misit,
1411 1247 1522 1297 quod

184 1311 365 1349 nondum
400 1311 598 1350 Datamen
629 1311 850 1362 profectum
884 1311 1060 1362 putabat,
1093 1311 1162 1362 qui
1192 1311 1351 1361 diceret,
1384 1325 1436 1352 ne
1468 1312 1521 1351 ab

183 1375 355 1415 exercitu
388 1375 619 1416 discederet.
678 1375 742 1415 hic
780 1376 1010 1428 priusquam
1047 1377 1279 1428 perveniret,
1320 1391 1401 1429 quo
1438 1384 1520 1417 erat

185 1442 392 1492 profectus,
427 1441 467 1480 in
498 1441 637 1481 itinere
671 1441 867 1490 convenit,
903 1441 972 1494 qui
1001 1442 1141 1494 Aspim
1171 1443 1384 1483 ducebant.
1442 1456 1521 1495 qua
1543 1456 1560 1480 2

127 1522 167 1544 20
185 1506 381 1546 celeritate
400 1521 492 1547 cum
513 1520 696 1558 magnam
720 1507 1030 1547 benivolentiam
1050 1507 1150 1559 regis
1175 1510 1366 1548 Datames
1386 1522 1522 1548 conse·

185 1579 298 1612 cutus
317 1580 430 1621 esset,
454 1586 535 1612 non
557 1572 749 1612 minorem
774 1572 961 1612 invidiam
982 1573 1202 1613 aulicorum
1225 1573 1390 1625 excepit,
1412 1574 1521 1625 quod

185 1636 295 1676 illum
333 1651 457 1676 unum
496 1637 616 1689 pluris
654 1651 774 1689 quam
812 1651 855 1677 se
888 1651 1028 1677 omnes
1066 1638 1149 1678 fieri
1182 1638 1383 1678 videbant.
1440 1652 1522 1690 quo

185 1702 290 1741 sacto
327 1702 459 1741 cuncti
496 1704 548 1742 ad
586 1716 678 1742 eum
716 1702 1023 1754 opprimendum
1067 1711 1365 1743 consenserunt.
1424 1705 1522 1744 haec
1542 1715 1561 1747 3

187 1768 423 1814 Pandantes,
453 1781 570 1819 gazae
598 1775 732 1807 custos
758 1768 897 1819 regiae,
925 1768 1077 1808 amicus
1109 1767 1279 1816 Datami,
1309 1768 1523 1821 perscripta

129 1846 168 1878 ²5
187 1830 223 1870 ei
244 1831 371 1879 mittit,
394 1832 435 1874 in
459 1832 603 1883 quibus
623 1834 742 1873 docet
768 1847 859 1873 eum
888 1847 1032 1885 magno
1052 1835 1134 1874 sore
1159 1833 1346 1885 periculo,
1368 1833 1400 1873 si
1424 1833 1522 1886 quid

187 1895 254 1935 illo
283 1895 500 1947 imperante
523 1897 675 1937 adversi
696 1898 735 1937 in
756 1900 938 1950 Aegypto
958 1898 1178 1939 accidisset.
1236 1912 1410 1950 namque
1432 1912 1520 1938 eam
1539 1915 1563 1948 4

186 1975 272 2001 esse
302 1962 632 2002 consuetudinem
666 1963 823 2014 regiam,
854 1972 897 2003 ut
928 1977 1042 2003 casus
1075 1965 1262 2004 adversos
1291 1963 1521 2004 hominibus

187 2026 370 2075 tribuant,
405 2029 602 2068 secundos
636 2030 816 2069 fortunae
849 2039 967 2070 suae:
1006 2043 1088 2082 quo
1121 2029 1204 2070 fieri
1235 2036 1278 2069 ut
1309 2028 1422 2069 facile
1452 2029 1521 2068 im-

186 2094 381 2143 pellantur
416 2094 468 2134 ad
506 2107 643 2133 eorum
682 2094 908 2146 perniciem,
948 2109 1117 2146 quorum
1158 2096 1281 2135 ductu
1320 2108 1380 2134 res
1418 2095 1520 2134 male

125 2171 167 2204 30
185 2166 317 2209 gestae
350 2158 588 2199 nuntientur.
646 2159 757 2199 illum
796 2161 872 2199 hoc
906 2160 1053 2200 maiore
1086 2161 1169 2200 sore
1202 2159 1243 2199 in
1281 2158 1519 2207 discrimine,

185 2224 306 2274 quod,
334 2224 478 2275 quibus
507 2238 572 2264 rex
602 2225 771 2265 maxime
799 2225 998 2274 oboediat,
1030 2239 1099 2265 eos
1128 2226 1274 2265 habeat
1303 2223 1520 2264 inimicissi-

186 2301 283 2328 mos.
342 2289 485 2329 talibus
514 2289 578 2329 ille
609 2289 745 2330 litteris
776 2290 952 2342 cognitis,
989 2304 1082 2330 cum
1113 2290 1190 2330 iam
1220 2291 1273 2330 ad
1306 2288 1559 2338 exercitumf,

228 2393 251 2422 6
273 2403 373 2432 quem
391 2393 468 2425 dum
485 2393 576 2426 Dan.
731 2404 753 2434 9
777 2393 893 2436 sumit]
905 2393 1036 2435 capite*
1170 2394 1210 2425 16
1235 2394 1330 2425 Acen
1343 2391 1518 2435 Bongars:

186 2434 311 2467 Acrem
328 2436 417 2470 codd.
509 2438 611 2470 mittit
627 2437 661 2470 P
672 2441 702 2470 et
717 2443 880 2480 suprascr.
898 2438 931 2469 A
1078 2438 1121 2470 28
1145 2436 1242 2469 facile
1257 2437 1332 2469 fleri
1350 2442 1386 2469 ut
1402 2437 1432 2470 ς’
