1746 2740
139 124 187 164 X.
205 125 253 163 iv
625 125 880 166 CORNELI
906 123 1151 166 NEPOTIS

225 249 331 276 mern
359 236 482 285 dedit,
512 251 593 288 qua
620 236 858 280 Corinthtun
885 238 1154 285 deveheretur,
1186 239 1403 278 ostendens
1436 251 1478 278 se
1509 236 1552 278 id

225 300 427 352 utriusque
455 303 583 341 facere
611 315 743 351 causa,
762 315 824 350 ne,
845 316 938 341 cum
966 302 1067 342 inter
1093 316 1136 342 se
1159 302 1353 350 timerent,
1369 304 1554 342 alteruter

187 384 203 406 2
223 367 389 406 alterum
410 374 727 418 praeoccuparet.
783 366 825 406 id
845 381 936 406 cum
956 368 1102 406 sactum
1126 367 1238 406 multi
1258 366 1553 418 indignarentur

225 443 469 482 magnaeque
498 438 600 470 esset
629 430 800 471 invidiae
829 439 1006 482 tyranno,
1038 431 1252 482 Dionysius
1281 431 1425 479 omnia,
1449 445 1552 482 quae

224 497 371 537 moveri
390 505 572 549 poterant
594 497 748 547 Dionis,
769 498 810 537 in
834 498 944 538 navis
963 498 1151 550 imposuit
1169 500 1222 538 ad
1241 513 1413 550 eumque
1433 498 1551 538 misit.
1569 510 1589 543 5

222 562 278 601 sic
297 562 404 602 enim
423 562 633 602 existimari
645 563 814 612 volebat,
832 563 874 603 id
893 577 936 603 se
954 577 1036 603 non
1056 563 1150 603 odio
1169 563 1352 612 hominis,
1367 564 1438 603 sed
1458 577 1552 603 suae

184 644 203 676 3
223 628 358 668 salutis
386 628 526 668 fecisse
554 642 685 668 causa.
741 636 880 680 postea
911 643 1005 668 vero
1043 643 1162 680 quam
1199 628 1349 668 audivit
1381 642 1472 668 eum
1510 628 1551 667 in

224 694 502 744 Peloponneso
548 707 711 733 manum
758 696 986 745 comparare
1033 693 1187 744 sibique
1230 694 1378 732 bellum
1424 694 1552 732 facere
1600 691 1602 693 ’

222 757 365 807 conari,
388 760 550 807 Areten,
572 758 713 798 Dionis
734 773 906 806 uxorem,
927 759 992 798 alii
1019 766 1186 810 nuptum
1211 758 1321 798 dedit
1347 758 1551 808 filiumque

221 822 304 862 eius
324 822 380 863 sic
399 822 558 863 educari
579 822 700 872 iussit,
722 831 765 863 ut
791 823 1036 874 indulgendo
1055 823 1287 875 turpissimis
1311 823 1551 862 imbueretur
1571 835 1613 859 ιο

182 905 204 934 4
222 888 513 940 cupiditatibus.
573 903 666 928 nam
695 903 819 941 puero
847 889 953 940 prius
981 903 1099 940 quam
1135 890 1261 940 pubes
1294 896 1397 928 esset
1423 895 1551 928 scorta

223 955 535 1003 adducebantur,
572 955 666 995 vino
707 955 913 1006 epulisque
959 955 1209 1002 obruebatur,
1249 968 1379 1005 neque
1425 955 1548 993 ullum

184 1030 202 1062 5
223 1028 379 1071 tempus
410 1021 543 1060 sobr10
573 1020 876 1071 relinquebatur.
949 1020 982 1060 is
1015 1035 1140 1072 usque
1178 1034 1228 1059 eo
1265 1020 1367 1058 vitae
1405 1027 1549 1058 statum

222 1092 509 1124 commutatum
539 1087 637 1125 ferre
666 1099 747 1125 non
777 1085 916 1136 potuit,
938 1094 1149 1137 postquam
1178 1084 1219 1123 in
1246 1084 1410 1135 patriam
1435 1083 1550 1123 rediit

221 1158 330 1201 pater
350 1151 540 1201 <namque
555 1146 738 1201 'appositi
767 1158 878 1190 erant
906 1151 1103 1198 custodes,
1125 1149 1194 1201 qui
1223 1163 1314 1189 eum
1340 1163 1364 1188 a
1386 1147 1550 1200 pristino
1573 1164 1610 1196 15

221 1215 326 1254 victu
346 1215 616 1267 deducerent),
635 1222 678 1254 ut
698 1229 740 1254 se
767 1217 817 1255 de
837 1215 1036 1267 superiore
1056 1223 1165 1267 parte
1185 1214 1344 1254 aedium
1365 1213 1551 1254 deiecerit

221 1288 340 1331 atque
360 1280 414 1319 ita
433 1279 630 1319 interierit.
690 1281 759 1319 sed
781 1279 872 1319 illuc
893 1287 1072 1319 revertor.

180 1347 207 1386 5
278 1347 493 1395 Postquam
525 1343 760 1384 Corinthum
792 1344 967 1396 pervenit
1000 1344 1105 1384 Dion
1140 1352 1178 1384 et
1211 1345 1354 1384 eodem
1383 1343 1549 1394 perfugit

224 1409 457 1449 Heraclides
490 1409 542 1448 ab
579 1411 722 1449 eodem
760 1411 944 1460 expulsus
985 1409 1188 1460 Dionysio,
1225 1408 1291 1460 qui
1330 1410 1548 1460 praefectus

220 1477 344 1515 suerat
370 1473 560 1526 equitum,
581 1473 691 1513 omni
719 1474 869 1513 ratione
899 1475 1046 1513 bellum
1074 1487 1300 1525 comparare
1320 1481 1546 1524 coeperunt.
1568 1490 1611 1513 20

184 1555 199 1576 2
221 1541 291 1580 sed
319 1553 406 1593 non
440 1540 607 1578 multum
646 1539 915 1589 proficiebant,
952 1541 1061 1590 quod
1101 1541 1314 1578 multorum
1354 1552 1547 1578 annorum

221 1612 406 1655 tyrannus
439 1617 666 1654 magnarum
704 1617 826 1654 opum
859 1604 1093 1654 putabatur:
1141 1618 1259 1655 quam
1298 1604 1352 1642 ob
1389 1616 1548 1642 causam

184 1686 202 1717 3
221 1669 336 1721 pauci
365 1671 418 1709 ad
450 1668 679 1708 societatem
718 1668 879 1720 periculi
917 1670 1244 1720 perducebantur.
1317 1669 1387 1708 sed
1427 1667 1546 1715 Dion,

221 1736 340 1774 fretus
360 1748 441 1774 non
457 1742 537 1773 tarn
558 1734 637 1773 suis
653 1733 777 1785 copiis
793 1719 913 1785 quam
929 1734 1024 1774 odio
1045 1734 1207 1785 tyranni,
1224 1733 1395 1773 maximo
1413 1732 1548 1772 animo

220 1800 375 1840 duabus
395 1798 580 1838 onerariis
600 1799 766 1838 navibus
795 1799 1080 1851 quinquaginta
1108 1812 1302 1838 annorum
1326 1796 1545 1848 imperium,
1569 1811 1607 1845 ²5

221 1865 416 1905 munitum
446 1863 670 1915 quingentis
700 1864 827 1916 longis
856 1864 1034 1912 navibus,
1070 1865 1210 1904 decem
1248 1862 1426 1914 equitum
1460 1875 1549 1901 cen-

221 1939 385 1981 tumque
431 1930 610 1981 peditum
659 1930 828 1978 milibus,
869 1932 1068 1982 profectus
1115 1936 1398 1981 oppugnatum,
1438 1927 1548 1978 quod

221 1996 406 2035 omnibus
425 1996 608 2047 gentibus
628 1996 858 2036 admirabile
878 2004 937 2035 est
956 1996 1095 2043 visum,
1116 1996 1218 2034 adeo
1238 1994 1350 2033 facile
1370 1992 1544 2045 perculit,

221 2068 263 2100 ut
293 2068 381 2112 post
410 2060 517 2100 diem
547 2060 716 2108 tertium,
747 2074 867 2111 quam
905 2060 1077 2100 Siciliam
1114 2059 1303 2110 attigerat,
1338 2061 1546 2108 Syracusas

222 2125 423 2165 introierit.
479 2139 526 2165 ex
555 2139 635 2177 quo
664 2124 835 2175 intellegi
865 2132 995 2176 potest
1031 2125 1183 2163 nullum
1215 2137 1300 2163 esse
1338 2122 1546 2173 imperium
1566 2137 1609 2169 30

183 2204 204 2236 4
222 2197 349 2229 tutum
388 2190 463 2230 nisi
507 2189 784 2230 benevolentia
827 2189 1037 2228 munitum.
1107 2202 1156 2228 eo
1199 2195 1376 2239 tempore
1412 2187 1547 2226 aberat

224 2255 437 2306 Dionysius
466 2262 505 2295 et
531 2255 572 2294 in
600 2254 714 2294 Italia
736 2256 902 2294 classem
925 2252 1202 2305 opperiebatur
1223 2250 1544 2298 adversariorum,

265 2371 284 2400 4
308 2366 423 2392 essent
454 2359 523 2391 AB
561 2359 567 2363 '
667 2369 708 2391 22
731 2358 884 2400 tyrannis
910 2357 1030 2389 Lamb.
1165 2365 1209 2396 29
1229 2355 1387 2396 attigerat
1409 2353 1547 2386 Aldus:

222 2404 370 2444 attigerit
386 2402 473 2435 codd.
