1746 2740
709 127 978 167 EVMENES
1402 126 1564 167 XVIII.
1584 125 1599 163 i

181 240 292 292 quod
311 252 473 280 necesse
491 246 551 279 est
569 237 750 279 omnium
769 238 1026 279 consiliorum
1045 252 1137 279 eum
1159 251 1246 279 esse
1269 238 1512 291 participem.

181 307 288 344 hunc
307 306 439 344 locum
460 303 587 344 tenuit
605 303 802 344 amicitiae
820 305 929 356 apud
950 303 1179 355 Philippum
1198 317 1326 344 annos
1346 312 1510 356 septem.
1532 313 1552 346 6

180 371 248 410 illo
276 371 482 410 interfecto
510 371 654 410 eodem
682 370 805 422 gradu
834 369 908 409 fuit
934 370 1042 422 apud
1080 371 1352 410 Alexandrum
1384 383 1513 409 annos

180 435 380 476 tredecim.
438 434 654 475 novissimo
667 442 844 486 tempore
856 425 1023 486 praefuit
1035 434 1154 475 etiam
1173 436 1318 475 alterae
1333 434 1511 486 equitum

141 518 159 550 5
179 503 278 550 alae,
293 514 396 553 quae
412 500 624 541 Hetaerice
636 501 918 552 appellabatur.
977 500 1134 552 utrique
1145 508 1279 540 autem
1292 500 1333 540 in
1345 500 1515 540 consilio

179 581 335 618 semper
353 566 463 606 affuit
482 574 522 606 et
541 566 721 606 omnium
741 580 871 606 rerum
891 565 1050 607 habitus
1069 574 1129 606 est
1148 566 1355 619 particeps.

234 634 461 672 Alexandro
481 632 685 684 Babylone
705 639 874 680 mortuo,
891 646 983 672 cum
996 646 1116 684 regna
1135 632 1298 684 singulis
1318 630 1514 672 familiari·
1531 644 1557 672 2

180 699 254 737 bus
287 697 584 749 dispertirentur
620 705 659 737 et
697 711 852 737 summa
889 711 1018 737 rerum
1057 697 1199 738 tradita
1229 705 1332 738 esset
1365 699 1514 738 tuenda

180 763 322 811 eidem,
362 762 426 802 cui
473 764 698 803 Alexander
743 763 916 803 moriens
962 765 1127 803 anulum
1174 777 1290 803 suum
1335 765 1511 812 dederat,

123 843 162 867 10
181 828 393 869 Perdiccae
412 828 480 880 (ex
506 842 588 881 quo
616 843 756 868 omnes
782 830 1034 869 coniecerant
1053 843 1145 868 eum
1166 842 1330 880 regnum
1351 829 1388 869 ei
1407 842 1512 868 com·
1534 846 1549 869 π

180 893 342 941 misisse,
375 895 508 946 quoad
537 894 648 934 liberi
677 894 762 934 eius
795 894 836 933 in
874 908 987 934 suam
1017 896 1180 935 tutelam
1219 894 1511 946 pervenissent:

178 960 313 999 aberat
343 960 450 999 enirn
483 961 667 1000 Crateros
701 969 740 1000 et
773 961 993 1012 Antipater,
1026 961 1094 1012 qui
1132 962 1367 1001 antecedere
1405 962 1512 1001 hunc

178 1025 439 1074 videbantur,
479 1033 657 1065 mortuus
688 1033 770 1065 erat
805 1026 1066 1077 Hephaestio,
1094 1040 1215 1078 quem
1244 1040 1369 1066 unum
1399 1029 1513 1067 Alex-

178 1091 311 1138 ander,
345 1091 454 1141 quod
485 1090 598 1130 facile
631 1091 805 1143 intellegi
843 1099 988 1143 posset,
1029 1092 1187 1143 plurimi
1225 1091 1398 1144 fecerat),
1435 1094 1512 1132 hoc

121 1171 157 1204 ¹5
178 1164 356 1207 tempore
389 1157 482 1196 data
511 1164 571 1196 est
605 1157 776 1196 Eumeni
807 1158 1066 1209 Cappadocia
1102 1158 1185 1198 sive
1221 1158 1353 1210 potius
1382 1158 1511 1199 dicta:

177 1235 270 1261 nam
300 1229 384 1261 tum
414 1221 454 1261 in
483 1222 656 1262 hostium
687 1230 768 1262 erat
797 1230 1003 1274 potestate.
1062 1225 1170 1264 hunc
1198 1223 1274 1263 sibi
1303 1223 1512 1264 Perdiccas
1531 1236 1550 1269 3

176 1287 407 1327 adiunxerat
441 1301 586 1339 magno
618 1287 763 1337 studio,
785 1289 895 1340 quod
925 1289 967 1328 in
995 1289 1159 1329 homine
1184 1290 1307 1330 fidem
1335 1297 1375 1329 et
1400 1289 1514 1330 indu·

178 1352 310 1393 striam
338 1367 521 1406 magnam
551 1353 722 1402 videbat,
752 1368 834 1394 non
857 1354 1058 1404 dubitans,
1094 1355 1126 1394 si
1155 1369 1247 1395 eum
1275 1355 1509 1407 pellexisset,

177 1433 322 1471 magno
342 1418 430 1459 usui
451 1420 534 1459 fore
554 1419 629 1460 sibi
649 1419 689 1458 in
710 1419 756 1459 iis
775 1419 893 1460 rebus
908 1433 1007 1471 quas
1026 1421 1254 1472 apparabat.
1312 1420 1511 1472 cogitabat

119 1498 158 1521 20
176 1485 293 1534 enim,
325 1487 435 1538 quod
464 1487 544 1526 fere
572 1498 713 1525 omnes
742 1485 782 1524 in
812 1485 964 1537 magnis
998 1485 1171 1538 imperiis
1208 1486 1508 1538 concupiscunt,

176 1551 355 1591 omnium
382 1551 502 1603 partis
528 1551 723 1603 corripere
748 1558 869 1603 atque
887 1551 1111 1603 complecti.
1170 1565 1301 1603 neque
1320 1565 1413 1592 vero
1433 1553 1511 1592 hoc
1529 1570 1549 1601 4

176 1616 241 1656 ille
273 1619 380 1657 solus
414 1617 518 1666 fecit,
550 1618 622 1657 sed
655 1616 773 1657 ceteri
808 1629 970 1668 quoque
1000 1630 1152 1665 omnes,
1189 1616 1258 1668 qui
1296 1617 1514 1657 Alexandri*

175 1683 329 1722 fuerant
340 1683 469 1722 amici.
515 1682 664 1734 primus
678 1683 907 1721 Leonnatus
922 1681 1205 1721 Macedoniam
1221 1695 1511 1734 praeoccupare

175 1747 396 1787 destinavit.
438 1747 503 1786 hic
516 1746 649 1786 multis
662 1746 895 1798 magnisque
910 1745 1262 1797 pollicitationibus
1274 1748 1510 1798 persuadere

117 1826 155 1858 ²5
177 1812 348 1852 Eumeni
377 1812 538 1860 studuit,
566 1820 608 1851 ut
637 1811 866 1851 Perdiccam
898 1812 1095 1852 desereret
1127 1825 1174 1851 ac
1203 1825 1338 1851 secum
1365 1813 1510 1852 faceret

175 1878 415 1918 societatem.
485 1891 576 1916 cum
616 1878 832 1928 perducere
861 1890 954 1917 eum
992 1889 1074 1915 non
1112 1884 1257 1928 posset,
1290 1876 1508 1917 interficere
1528 1890 1547 1924 5

174 1949 340 1981 conatus
359 1950 429 1988 est,
452 1949 490 1980 et
511 1940 678 1989 fecisset,
696 1939 771 1980 nisi
792 1940 856 1980 ille
876 1942 977 1980 clam
994 1947 1114 1980 noctu
1134 1954 1182 1980 ex
1201 1940 1404 1993 praesidiis
1423 1940 1508 1981 eius

174 2007 382 2059 effugisset.

230 2071 393 2112 Interim
422 2073 594 2111 conflata
622 2079 714 2111 sunt
742 2070 808 2110 illa
837 2071 950 2118 bella,
985 2085 1088 2123 quae
1115 2072 1167 2111 ad
1196 2071 1506 2112 internecionem
1526 2080 1551 2118 3

115 2150 156 2182 30
174 2145 263 2188 post
283 2137 496 2176 Alexandri
524 2144 693 2176 mortem
716 2144 827 2188 gesta
856 2145 959 2184 sunt,
981 2150 1202 2188 omnesque
1225 2146 1507 2177 concurrerunt

222 2251 262 2272 ιο
277 2241 487 2272 commisisse
501 2240 640 2272 Benecke
656 2252 663 2271 :
686 2240 897 2271 commisisse
910 2239 964 2271 uel
978 2240 1233 2271 commendasse
1247 2239 1337 2271 Lcr'd.
1353 2239 1503 2272 ABPR:

174 2285 430 2316 commendasse
445 2282 519 2324 Mu,
537 2283 597 2315 sed
610 2294 631 2314 u
647 2284 682 2315 in
700 2294 808 2324 marg.
825 2295 832 2314 :
855 2283 898 2314 al.
913 2283 1125 2314 commisisse
1261 2294 1300 2315 12
1321 2284 1463 2315 aberatnt
1475 2284 1506 2316 ς’

174 2326 423 2402 iagqrzibestinauit
434 2338 457 2359 u
470 2339 477 2360 ε
493 2327 760 2369 praedestinauit
772 2328 922 2369 (-auerat
932 2325 985 2368 M>
1000 2326 1087 2360 codd.
1180 2326 1233 2359 hic
1244 2327 1298 2358 Pu
1315 2338 1323 2359 ε
1346 2327 1399 2359 his
1410 2326 1480 2358 AR
1497 2339 1505 2360 :
1553 2382 1556 2385 Ι
