1718 2746
400 483 774 538 CORNELI
857 482 1220 537 NEPOTIS

731 615 903 653 LIBER

242 725 339 773 DE
399 725 599 773 EXCE
611 726 743 774 LLE
755 725 1021 773 NTIBVS
1079 724 1392 772 DVCIBVS

380 861 853 910 EXTERARVM
908 861 1253 909 GENTIVM

203 1009 300 1046 Nox
335 1007 475 1046 dubito
506 1009 588 1046 fore
621 1008 841 1058 plerosque,
864 1005 1008 1054 Attice,
1037 1006 1104 1057 qui
1138 1007 1215 1044 hoc
1243 1019 1368 1056 genus
1397 1005 1486 1044 scri·
1505 1016 1522 1043 1

147 1081 285 1123 pturae
313 1074 398 1111 leve
427 1080 466 1111 et
495 1086 576 1110 non
605 1072 698 1111 satis
729 1072 893 1122 dignum
926 1085 1171 1110 summorum
1203 1070 1373 1110 virorum
1402 1084 1486 1121 per-

148 1137 255 1176 sonis
282 1137 471 1186 iudicent,
490 1151 581 1175 cum
611 1139 776 1176 relatum
804 1138 945 1187 legent,
969 1135 1056 1187 quis
1087 1135 1279 1175 musicam
1306 1135 1485 1174 docuerit

150 1202 484 1253 Epaminondam,
505 1210 572 1241 aut
591 1202 632 1240 in
652 1202 736 1241 eius
760 1201 968 1240 virtutibus
988 1200 1301 1248 commemorari,
1324 1189 1486 1239 saltasse

112 1281 240 1318 5eum
271 1269 484 1307 commode
522 1268 769 1318 scienterque
806 1266 912 1306 tibiis
950 1274 1139 1306 cantasse.
1199 1268 1270 1305 sed
1308 1266 1334 1305 ii
1372 1273 1486 1305 erunt
1508 1285 1522 1306 2

147 1334 239 1381 fere,
268 1332 336 1384 qui
365 1340 541 1384 expertes
570 1333 785 1372 litterarum
817 1332 1057 1371 Graecarum
1091 1331 1188 1370 nihil
1219 1339 1382 1379 rectum,
1411 1330 1486 1369 nisi

147 1399 257 1450 quod
295 1397 469 1449 ipsorum
504 1398 679 1438 moribus
717 1397 938 1446 conveniat,
973 1397 1180 1448 putabunt.
1240 1396 1281 1435 hi
1320 1397 1351 1435 si
1388 1396 1487 1436 didi—
1506 1411 1524 1443 3

148 1463 272 1503 cerint
301 1477 382 1502 non
412 1465 552 1503 eadem
582 1463 768 1503 omnibus
797 1476 883 1502 esse
911 1464 1080 1502 honesta
1107 1470 1227 1513 atque
1255 1462 1393 1513 turpia,
1417 1463 1486 1501 sed

148 1529 283 1568 omnia
316 1529 509 1568 maiorum
540 1529 728 1568 institutis
760 1527 935 1576 iudicari,
966 1541 1048 1567 non
1081 1527 1381 1567 admirabuntur
1415 1540 1487 1566 nos

93 1613 134 1636 ιο
149 1594 189 1634 in
224 1594 433 1634 Graiorum
466 1594 674 1634 virtutibus
705 1593 950 1645 exponendis
984 1606 1112 1632 mores
1146 1606 1283 1631 eorum
1317 1601 1485 1632 secutos.

150 1673 280 1710 neque
307 1659 413 1699 enim
441 1659 601 1700 Cimoni
627 1659 698 1698 fuit
727 1667 852 1710 turpe,
875 1657 1179 1697 Atheniensium
1209 1671 1366 1696 summo
1392 1658 1486 1706 viro,
1507 1675 1527 1705 4
1555 1673 1559 1677 ²

150 1738 323 1764 sororem
344 1738 571 1776 germanam
591 1725 737 1764 habere
756 1724 797 1762 in
818 1722 1081 1770 matrimonio,
1104 1722 1251 1774 quippe
1271 1736 1361 1761 cum
1383 1723 1488 1762 cives

151 1790 236 1829 eius
256 1791 397 1830 eodem
419 1798 620 1830 uterentur
640 1789 830 1828 instituto.
889 1796 928 1827 at
955 1787 995 1827 id
1022 1787 1184 1838 quidem
1212 1787 1354 1827 nostris
1375 1787 1489 1827 mori-

153 1856 227 1894 bus
248 1858 356 1895 nefas
376 1857 553 1895 habetur.
612 1855 719 1895 laudi
746 1854 787 1893 in
815 1853 981 1893 Graecia
1006 1853 1163 1892 ducitur
1181 1853 1488 1893 adulescentulis

98 1934 135 1967 ¹5
155 1934 275 1972 quam
320 1921 507 1972 plurimos
546 1920 731 1959 habuisse
768 1927 973 1959 amatores.
1051 1919 1158 1957 nulla
1196 1918 1490 1958 Lacedaemoni

153 1985 272 2024 vidua
303 1993 382 2024 tam
417 1993 475 2025 est
506 1985 661 2033 nobilis,
694 1999 797 2037 quae
831 1998 912 2023 non
946 1985 998 2023 ad
1036 1997 1175 2022 cenam
1210 1990 1273 2022 eat
1307 1984 1490 2023 mercede
1514 2022 1524 2030 ,

153 2052 363 2090 conducta.
422 2051 573 2102 magnis
600 2050 638 2089 in
666 2050 850 2089 laudibus
877 2057 959 2088 tota
989 2050 1068 2088 fere
1095 2048 1166 2087 suit
1188 2048 1353 2087 Graecia
1371 2048 1491 2088 victo·
1510 2067 1527 2098 5

153 2129 235 2155 rem
270 2115 478 2167 Olympiae
509 2115 629 2163 citari,
661 2115 699 2154 in
735 2128 918 2154 scaenam
948 2127 1040 2160 vero
1071 2113 1228 2164 prodire
1261 2127 1307 2152 ae
1340 2115 1490 2164 populo

199 2218 301 2250 Liber
315 2218 453 2250 Aemilii
470 2219 572 2250 Probi
590 2220 632 2250 de
657 2218 812 2250 laudibus
829 2223 1023 2249 exterarum
1040 2216 1192 2256 gentium
1209 2216 1299 2248 Dan.
1318 2229 1326 2248 z
1349 2217 1491 2248 Emilius

156 2261 288 2293 Probus
304 2263 346 2293 de
363 2263 384 2294 l.
404 2263 526 2294 ducum
543 2267 613 2294 ext.
632 2273 663 2302 g.
690 2262 724 2292 P

201 2316 240 2345 13
263 2306 417 2346 quidem]
428 2307 518 2346 quod
531 2305 565 2336 P
653 2315 691 2345 14
715 2305 874 2346 Graecia]
888 2305 991 2336 Creta
1007 2302 1184 2335 Valkenaer
1271 2313 1310 2344 15
1334 2304 1491 2336 habuisse

154 2349 247 2381 Dan.
262 2349 337 2381 Pu:
374 2350 499 2381 habere
517 2350 582 2381 rell.
699 2351 737 2380 16
759 2358 878 2380 cenam
896 2347 960 2379 ΡΑ
978 2358 985 2378 :
1008 2356 1144 2378 scenam
1162 2347 1227 2379 rell.
1297 2347 1491 2389 [mercede]

158 2393 348 2424 condictam
364 2393 412 2425 ed.
439 2393 533 2425 Teub.
672 2394 710 2424 18
734 2402 771 2424 ac
795 2391 880 2423 BP:
907 2402 926 2423 a
951 2391 983 2421 A
1004 2401 1012 2423 ς
1037 2394 1070 2421 et
1096 2390 1161 2423 rell.

200 2446 304 2468 cons.
326 2446 401 2470 xcv.
1387 2436 1400 2467 1
