1746 2740
686 141 988 181 HANNIBAL
1358 141 1518 180 XXIII.
1540 139 1588 178 iii

171 252 348 299 suffecto,
382 251 574 303 equitatui
609 251 718 291 omni
755 250 931 303 praefuit.
991 251 1069 291 hoc
1102 263 1263 302 quoque
1297 249 1502 289 interfecto

171 316 363 356 exercitus
378 330 574 356 summam
596 316 748 368 imperii
769 318 821 356 ad
841 330 932 356 eum
953 315 1104 356 detulit.
1154 315 1195 355 id
1219 314 1502 366 Karthaginem

171 383 346 422 delatum
376 382 535 434 publice
568 382 871 434 comprobatum
906 389 975 421 est.
1045 381 1101 421 sic
1135 380 1341 420 Hannibal
1376 379 1503 420 minor
1529 392 1544 414 2

172 458 197 483 v
230 453 269 485 et
303 458 361 484 xx
394 445 508 485 annis
547 454 662 484 natus
702 445 914 496 imperator
951 447 1076 484 factus
1115 444 1295 497 proximo
1333 443 1503 484 triennio

133 527 152 560 5
171 524 311 551 omnes
338 518 476 562 gentes
505 510 724 562 Hispaniae
755 511 860 551 bello
889 510 1057 562 subegit,
1077 512 1308 569 Saguntum,
1330 510 1503 550 foedera-

171 586 252 617 tam
281 577 491 625 civitatem,
514 577 551 616 vi
578 577 828 629 expugnavit,
849 585 926 617 tres
954 576 1147 617 exercitus
1177 576 1370 617 maximos
1397 589 1503 616 com-

172 643 330 695 paravit.
389 657 436 683 ex
459 643 520 682 his
550 657 673 682 unum
701 643 742 682 in
769 643 943 682 Africam
964 642 1080 691 misit,
1102 644 1267 682 alterum
1288 656 1380 682 cum
1402 644 1503 682 Has·
1524 653 1542 685 3

172 708 336 747 drubale
384 709 498 747 fratre
537 708 577 746 in
618 707 815 759 Hispania
861 707 1029 759 reliquit,
1069 707 1226 746 tertium
1266 707 1307 746 in
1346 706 1502 746 Italiam

173 785 306 812 secum
327 773 449 812 duxit.
509 774 651 812 saltum
674 775 918 823 Pyrenaeum
940 772 1101 812 transiit.
1160 785 1412 824 quacumque
1432 772 1504 812 iter

114 851 154 876 ιο
173 837 274 884 fecit,
303 851 394 877 cum
420 838 608 878 omnibus
637 837 776 877 incolis
805 837 1005 877 conflixit:
1034 837 1235 877 neminem
1260 837 1336 877 nisi
1355 837 1503 877 victum

172 902 330 942 dimisit.
406 905 457 942 ad
497 905 620 955 Alpes
659 911 918 955 posteaquam
957 903 1076 952 venit,
1116 917 1218 954 quae
1258 902 1412 942 Italiam
1450 903 1503 942 ab
1522 915 1542 947 4

173 968 301 1007 Gallia
331 968 552 1020 seiungunt,
584 982 683 1020 quas
714 982 834 1008 nemo
864 982 1054 1021 umquam
1086 982 1178 1009 cum
1212 968 1383 1009 exercitu
1411 976 1503 1008 ante

172 1047 263 1073 eum
284 1042 435 1085 praeter
457 1036 674 1074 Herculem
699 1034 863 1074 Graium
890 1034 1094 1074 transierat
1115 1034 1214 1086 (quo
1242 1035 1347 1074 facto
1374 1033 1408 1074 is
1437 1035 1504 1073 ho-

173 1098 238 1138 die
275 1101 395 1138 saltus
429 1099 570 1139 Graius
604 1100 851 1152 appellatur),
884 1100 1046 1151 Alpicos
1075 1107 1266 1139 conantes
1294 1099 1504 1151 prohibere

115 1174 152 1206 15
174 1163 338 1202 transitu
367 1164 552 1213 concidit,
575 1165 664 1204 loca
691 1164 886 1216 patefecit,
909 1164 1047 1204 itinera
1070 1165 1223 1212 muniit,
1245 1164 1375 1205 effecit
1395 1172 1438 1204 ut
1457 1178 1504 1205 ea

174 1230 407 1280 elephantus
434 1237 595 1269 ornatus
624 1229 679 1269 ire
706 1236 850 1281 posset,
879 1243 960 1281 qua
987 1237 1103 1269 antea
1129 1243 1232 1269 unus
1255 1231 1378 1269 homo
1406 1229 1504 1270 iner-

174 1293 247 1333 mis
269 1294 330 1333 vix
356 1301 509 1346 poterat
539 1308 684 1346 repere.
744 1296 819 1334 hac
845 1294 980 1346 copias
1005 1294 1175 1335 traduxit
1202 1295 1241 1334 in
1267 1294 1504 1345 Italiamque

172 1358 359 1410 pervenit.

227 1424 466 1466 Conflixerat
494 1427 603 1478 apud
633 1427 876 1466 Rhodanum
906 1439 997 1465 cum
1034 1427 1077 1464 P.
1099 1425 1286 1466 Cornelio
1317 1425 1503 1478 Scipione
1523 1434 1549 1471 4

113 1503 154 1526 20
172 1491 335 1530 consule
354 1504 527 1542 eumque
547 1493 760 1543 pepulerat.
820 1504 911 1530 cum
933 1492 1010 1530 hoc
1030 1491 1174 1530 eodem
1195 1490 1375 1531 Clastidii
1395 1493 1503 1543 apud

174 1556 326 1594 Padum
365 1556 541 1596 decernit
579 1556 838 1607 sauciumque
879 1555 973 1594 inde
1018 1569 1066 1594 ac
1113 1556 1288 1606 fugatum
1327 1555 1500 1595 dimittit.

174 1620 289 1659 tertio
316 1620 422 1660 idem
453 1621 587 1672 Scipio
615 1635 707 1661 cum
737 1622 888 1671 collega
916 1620 977 1659 Ti.
1011 1622 1150 1671 Longo
1178 1621 1287 1671 apud
1314 1621 1501 1661 Trebiam
1524 1634 1539 1656 2

172 1687 359 1725 adversus
387 1700 479 1726 eum
504 1687 620 1726 venit.
679 1700 770 1725 cum
802 1685 861 1724 his
892 1699 1054 1725 manum
1083 1685 1295 1733 conseruit,
1314 1693 1502 1737 utrosque

174 1750 402 1802 profligavit.
462 1751 555 1791 inde
584 1765 653 1803 per
683 1751 845 1801 Ligures
868 1750 1154 1802 Appenninum
1181 1750 1345 1799 transiit,
1363 1758 1502 1801 petens

114 1826 154 1858 25
178 1815 383 1855 Etruriam.
433 1818 510 1855 hoc
531 1816 668 1855 itinere
687 1817 790 1855 adeo
809 1815 915 1867 gravi
932 1815 1073 1854 morbo
1087 1814 1270 1854 adficitur
1284 1816 1500 1863 oculorum,
1523 1829 1541 1860 3

175 1888 218 1919 ut
244 1889 381 1931 postea
400 1895 618 1932 numquam
639 1883 777 1921 dextro
795 1894 922 1932 aeque
942 1881 1045 1920 bene
1066 1894 1159 1920 usus
1189 1880 1248 1920 sit.
1307 1893 1385 1931 qua
1404 1882 1503 1920 vale-

175 1944 313 1984 tudine
332 1959 423 1984 cum
444 1945 661 1985 etiamnum
675 1953 915 1997 premeretur
929 1945 1147 1996 lecticaque
1168 1946 1342 1994 ferretur,
1358 1946 1403 1986 C.
1419 1946 1451 1984 F
1453 1946 1503 1985 la-

175 2009 340 2049 minium
361 2012 566 2050 consulem
594 2012 702 2062 apud
721 2013 1013 2050 Trasumenum
1037 2023 1128 2050 cum
1156 2010 1327 2050 exercitu
1351 2009 1502 2050 insidiis

173 2073 483 2113 circumventum
522 2075 679 2123 occidit,
721 2088 850 2126 neque
889 2076 1014 2114 multo
1052 2082 1142 2125 post
1180 2075 1224 2116 C.
1261 2074 1501 2115 Centenium

114 2153 155 2185 30
174 2147 392 2190 praetorem
419 2152 510 2178 cum
531 2141 685 2179 delecta
710 2153 830 2179 manu
857 2141 978 2179 saltus
1007 2147 1281 2190 occupantem.
1340 2139 1433 2178 hinc
1461 2139 1502 2179 in

174 2204 360 2254 Apuliam
389 2204 577 2255 pervenit.
637 2205 692 2244 ibi
721 2204 878 2244 obviam
909 2204 946 2244 ei
975 2212 1166 2244 venerunt
1195 2206 1277 2244 duo
1306 2205 1499 2252 consules,
1520 2218 1541 2248 4

174 2269 219 2308 C.
242 2269 449 2309 Terentius
470 2278 507 2309 et
530 2271 573 2309 L.
597 2269 800 2309 Aemilius.
859 2269 1061 2320 utriusque
1081 2269 1272 2308 exercitus
1292 2282 1374 2308 uno
1393 2282 1502 2320 proe-

222 2382 234 2403 1
260 2373 410 2404 omnium
438 2373 573 2405 ABPR
722 2375 760 2404 16
783 2378 943 2404 oneratus
966 2371 1109 2403 AMPR
1271 2383 1314 2403 20
1337 2371 1502 2404 Clastidia

175 2413 295 2446 ABP:
319 2416 480 2447 Clastidio
499 2416 540 2447 M
635 2427 674 2452 27
699 2417 800 2448 etiam
817 2422 886 2448 tum
905 2415 998 2447 MR:
1023 2417 1122 2447 etiam
1140 2426 1230 2448 nunc
1247 2415 1299 2447 B:
1325 2416 1506 2447 nimium?

218 2480 319 2501 coRN.
344 2480 418 2501 Nm’.
1397 2481 1413 2511 7
