1746 2740
140 117 260 157 XIII.
282 116 330 156 iu
620 115 874 156 CORNELI
904 115 1147 157 NEPOTIS

222 228 349 280 lisque
381 227 466 268 eius
491 227 725 268 aestimatur
753 234 912 267 centum
939 226 1108 267 talentis.
1165 227 1231 267 ille
1257 226 1352 268 odio
1377 227 1551 279 ingratae

221 293 388 334 civitatis
417 301 578 333 coactus
607 291 842 333 Chalcidem
870 305 913 331 se
941 292 1118 332 contulit.

174 373 202 411 4
276 359 410 399 Huius
436 365 526 410 post
552 365 719 397 mortem
739 371 831 397 cum
857 359 1049 409 populum
1078 356 1213 398 iudicii
1237 357 1298 398 sui
1320 357 1548 409 paeniteret,

221 426 369 464 multae
396 437 540 463 novem
571 421 691 474 partis
721 421 887 462 detraxit
913 430 952 462 et
980 423 1121 462 decem
1150 424 1298 462 talenta
1325 424 1547 471 Cononem,

220 490 345 539 filium
383 488 478 536 eius,
513 489 565 527 ad
602 487 703 527 muri
737 488 937 538 quandam
969 495 1120 539 partem
1153 487 1406 528 reficiendam
1438 487 1550 529 iussit
1569 503 1587 536 5

219 556 324 595 dare.
394 553 435 593 in
473 566 554 604 quo
590 554 771 592 fortunae
806 551 972 592 varietas
1009 560 1068 592 est
1104 551 1389 592 animadversa.
1455 566 1549 593 narn

219 633 320 671 quos
357 632 452 659 avus
491 619 637 659 Conon
674 630 808 657 muros
845 631 893 657 ex
925 617 1100 672 hostium
1132 618 1280 669 praeda
1315 617 1463 669 patriae
1494 631 1550 658 re-

219 685 406 732 stituerat,
429 683 592 723 eosdem
619 685 745 734 nepos
773 695 865 722 cum
886 696 1041 722 summa
1067 680 1286 734 ignominia
1307 682 1478 727 familiae
1501 696 1550 723 ex

156 749 199 791 ⁵2
219 763 290 790 sua
330 763 372 789 re
412 747 591 788 familiari
632 748 792 787 reficere
828 755 989 787 coactus
1034 755 1106 787 est.
1170 747 1375 787 Timothei
1414 756 1547 789 autem

219 816 446 855 moderatae
461 812 728 864 sapientisque
740 812 843 851 vitae
858 826 949 852 cum
965 811 1152 864 pleraque
1164 811 1362 863 possimus
1376 814 1547 864 proferre
1568 830 1608 854 ro

217 879 457 927 testimonia,
488 891 571 917 uno
599 877 744 917 erimus
767 876 956 926 contenti,
986 878 1096 928 quod
1125 891 1172 917 ex
1200 891 1249 917 eo
1276 877 1390 917 facile
1417 878 1546 918 conici

216 945 369 997 poterit,
395 957 515 995 quam
539 956 652 982 carus
675 942 756 982 suis
778 942 903 982 fuerit.
961 955 1054 981 cum
1078 941 1248 982 Athenis
1275 942 1547 982 adulescentu-

216 1011 277 1049 lus
296 1022 456 1049 causam
480 1007 638 1055 diceret,
661 1021 743 1046 non
767 1008 896 1047 solum
919 1006 1036 1046 amici
1057 1006 1275 1058 privatique
1298 1007 1474 1059 hospites
1493 1009 1546 1048 ad

216 1087 308 1114 eum
338 1074 638 1114 defendendum
671 1079 953 1119 convenerunt,
987 1073 1058 1111 sed
1088 1071 1207 1111 etiam
1241 1071 1283 1111 in
1320 1071 1378 1111 eis
1412 1073 1543 1121 Iason,

215 1147 402 1190 tyrannus
417 1137 656 1186 Thessaliae,
673 1137 742 1188 qui
761 1137 828 1176 illo
843 1144 1021 1188 tempore
1040 1136 1112 1176 fuit
1127 1136 1307 1176 omnium
1325 1137 1546 1188 potentissi-
1565 1154 1602 1187 15

177 1219 196 1252 3
217 1218 315 1244 mus.
373 1204 439 1243 hic
475 1217 567 1243 cum
605 1202 646 1242 in
683 1202 807 1254 patria
844 1203 929 1242 sine
961 1202 1194 1242 satellitibus
1227 1216 1270 1242 se
1299 1210 1428 1242 tutum
1462 1217 1544 1243 non

214 1269 477 1317 arbitraretur,
513 1268 692 1307 Athenas
735 1267 820 1306 sine
861 1268 942 1307 ullo
980 1267 1177 1318 praesidio
1218 1266 1326 1307 venit
1366 1268 1544 1320 tantique

214 1333 411 1385 hospitem
437 1332 540 1380 fecit,
569 1340 613 1372 ut
641 1334 775 1371 mallet
803 1345 846 1371 se
873 1332 1012 1383 capitis
1041 1331 1259 1383 periculum
1286 1332 1395 1372 adire
1422 1346 1542 1384 quam

213 1399 429 1439 Timotheo
447 1399 498 1438 de
518 1399 623 1437 fama
641 1397 846 1437 dimicanti
869 1398 1017 1436 deesse.
1076 1398 1183 1437 hunc
1201 1398 1390 1437 adversus
1409 1406 1542 1438 tamen

213 1464 449 1504 Timotheus
493 1470 633 1515 postea
679 1462 815 1514 populi
861 1462 969 1502 iussu
1012 1462 1160 1502 bellum
1206 1462 1348 1514 gessit:
1395 1464 1542 1515 patriae
1562 1479 1602 1502 20

214 1529 409 1570 sanctiora
437 1529 520 1568 iura
548 1542 668 1580 quam
697 1527 858 1579 hospitii
887 1540 973 1567 esse
1001 1527 1124 1567 duxit.

173 1611 203 1645 4·
268 1597 383 1635 Haec
429 1601 602 1634 extrema
642 1593 716 1633 fuit
754 1600 861 1632 aetas
902 1592 1183 1644 imperatorum
1222 1594 1538 1643 Atheniensium,

214 1659 434 1712 Iphicratis,
461 1658 668 1707 Chabriae,
697 1657 910 1706 Timothei,
938 1672 1069 1710 neque
1092 1667 1182 1710 post
1205 1659 1360 1699 illorum
1387 1659 1541 1700 obitum

213 1726 423 1777 quisquam
443 1726 524 1764 dux
543 1724 583 1763 in
603 1723 670 1763 illa
688 1724 786 1763 urbe
805 1722 878 1763 fuit
898 1725 1041 1775 dignus
1062 1725 1262 1764 memoria.

175 1807 194 1840 5
268 1790 398 1830 Venio
434 1803 541 1829 nunc
577 1790 629 1829 ad
662 1788 917 1829 fortissimum
950 1789 1075 1829 virum
1114 1790 1354 1842 maximique
1386 1790 1539 1830 consilii
1559 1803 1599 1837 ²5

214 1855 393 1896 omnium
426 1855 694 1902 barbarorum,
729 1853 903 1906 exceptis
935 1855 1094 1895 duobus
1130 1856 1537 1907 Karthaginiensibus,

175 1926 196 1959 6
216 1920 442 1960 Hamilcare
462 1928 501 1959 et
526 1919 765 1959 Hannibale.
823 1921 874 1959 de
897 1932 978 1971 quo
998 1921 1075 1960 hoc
1097 1922 1209 1972 plura
1228 1923 1407 1969 feremus,
1429 1922 1540 1972 quod

213 1993 252 2025 et
272 1984 498 2025 obscuriora
524 1991 615 2023 sunt
639 1984 723 2024 eius
745 1992 854 2035 gesta
877 1986 1064 2036 pleraque
1087 1993 1126 2024 et
1149 1999 1206 2034 ea,
1229 1999 1330 2038 quae
1354 1998 1539 2036 prospere

213 2050 249 2090 ei
275 2057 486 2097 cesserunt,
517 2062 598 2089 non
629 2048 900 2100 magnitudine
923 2049 1138 2100 copiarum,
1164 2051 1234 2089 sed
1260 2049 1426 2098 consilii,
1456 2063 1538 2101 quo

212 2123 296 2155 tum
330 2128 469 2155 omnes
500 2115 720 2166 superabat,
751 2114 1002 2154 acciderunt:
1042 2128 1209 2166 quorum
1245 2115 1318 2154 nisi
1352 2114 1449 2154 ratio
1477 2128 1538 2154 ex·
1557 2128 1598 2160 30

212 2181 355 2233 plicata
383 2180 508 2229 suerit,
538 2193 598 2219 res
626 2193 813 2231 apparere
841 2193 922 2219 non
952 2187 1147 2231 poterunt.

455 2294 493 2322 15
516 2284 714 2316 Thessaliae
730 2294 794 2317 om.
808 2285 839 2317 ς
969 2294 1009 2326 27
1034 2284 1219 2317 reseremus
1235 2283 1298 2316 Mu
