1746 2740
178 146 307 185 xxv.
328 156 360 184 x
667 146 922 187 CORNELI
951 136 1193 187 NEPOT‘IS

223 262 244 295 6
264 258 413 297 nullam
433 257 652 298 seiunctam
673 257 747 298 sibi
766 257 818 297 ab
837 271 887 298 eo
906 259 1005 298 velle
1025 258 1233 298 fortunam.
1290 259 1435 310 quodsi
1456 259 1594 312 guber-

263 329 377 362 nator
403 322 615 374 praecipua
643 323 761 362 laude
783 323 914 370 fertur,
937 322 1006 374 qui
1029 336 1172 362 navem
1195 337 1243 363 ex
1267 322 1398 363 hieme
1417 323 1595 375 marique

264 389 477 439 scopuloso
506 395 643 436 servat,
674 401 743 428 cur
770 401 853 427 non
886 387 1093 439 singularis
1121 387 1204 427 eius
1234 388 1477 428 existimetur
1509 402 1597 440 pru-

234 505 236 507 ν
263 452 408 501 dentia,
440 452 510 504 qui
542 467 590 493 ex
622 460 681 493 tot
714 460 875 504 tamque
908 452 1091 504 gravibus
1124 453 1305 504 procellis
1335 453 1515 493 civilibus
1542 454 1595 494 ad

264 517 579 558 incolumitatem
607 518 816 569 pervenit?
1613 533 1633 567 5

207 597 244 625 11
318 582 477 632 Quibus
503 596 552 622 ex
578 583 690 622 malis
711 590 754 622 ut
777 596 820 622 se
840 583 1008 631 emersit,
1032 582 1130 622 nihil
1159 583 1267 623 aliud
1296 583 1374 634 egit
1402 597 1523 635 quam
1550 591 1595 624 ut

262 661 380 697 quam
410 647 598 699 plurimis,
635 647 779 699 quibus
811 648 930 688 rebus
963 656 1108 699 posset,
1145 656 1247 687 esset
1279 647 1435 688 auxilio.
1503 661 1595 688 cum

263 712 504 764 proscriptos
529 713 713 764 praemiis
734 713 1015 764 imperatorum
1037 714 1176 764 vulgus
1196 713 1455 764 conquireret,
1475 726 1596 753 nemo

263 777 306 816 in
344 777 510 828 Epirum
542 777 660 826 venit,
697 777 761 817 cui
794 791 854 817 res
891 779 972 817 ulla
1006 778 1196 817 defuerit:
1236 777 1386 817 nemini
1422 791 1506 818 non
1539 777 1596 818 ibi

228 862 244 884 2
265 852 457 896 perpetuo
476 844 665 884 manendi
693 852 867 895 potestas
888 846 991 884 facta
1011 852 1069 884 est
1083 860 1094 893 3
1122 844 1219 895 quin
1234 844 1351 884 etiam
1371 852 1462 896 post
1486 858 1597 896 proe-
1614 859 1658 885 ιο

264 910 362 950 lium
401 910 655 962 Philippense
693 910 974 962 interitumque
1009 911 1056 950 C.
1091 910 1204 951 Cassi
1236 918 1275 950 et
1309 912 1366 950 M.
1403 910 1514 950 Bruti
1546 912 1591 950 L.

266 975 413 1015 Iulium
442 974 647 1015 Mocillam
671 975 910 1026 praetorium
932 983 971 1014 et
1000 975 1124 1015 filium
1149 975 1232 1015 eius
1251 977 1481 1027 Aulumque
1499 977 1595 1015 Tor-

264 1048 429 1092 quatum
467 1048 698 1091 ceterosque
735 1039 818 1091 pari
857 1041 1014 1080 fortuna
1053 1042 1254 1091 perculsos
1291 1040 1459 1080 instituit
1495 1039 1596 1080 tueri

263 1114 383 1157 atque
412 1119 459 1145 ex
489 1105 611 1156 Epiro
639 1104 685 1144 iis
714 1104 848 1144 omnia
878 1105 1189 1145 Samothraciam
1217 1105 1438 1156 supportari
1470 1104 1593 1144 iussit.

227 1183 245 1213 3
265 1170 422 1211 difficile
438 1178 496 1210 est
516 1170 650 1210 omnia
669 1169 852 1222 persequi
867 1178 907 1210 et
927 1184 1009 1211 non
1029 1170 1304 1211 necessarium.
1352 1170 1451 1210 illud
1469 1183 1595 1210 unum
1616 1183 1655 1218 ¹5

264 1236 437 1287 intellegi
470 1238 663 1283 volumus,
700 1235 802 1275 illius
842 1236 1116 1276 liberalitatem
1155 1249 1286 1287 neque
1318 1235 1595 1287 temporariam

225 1319 246 1350 4
264 1314 395 1352 neque
428 1301 612 1340 callidam
645 1300 776 1340 fuisse.
837 1300 878 1340 id
914 1315 961 1341 ex
995 1301 1089 1352 ipsis
1122 1302 1239 1341 rebus
1271 1315 1318 1340 ac
1351 1300 1596 1352 temporibus

264 1366 428 1406 iudicari
466 1372 609 1416 potest,
648 1367 758 1416 quod
796 1379 878 1405 non
917 1366 1148 1406 florentibus
1188 1380 1230 1405 se
1262 1365 1489 1413 venditavit,
1523 1366 1595 1405 sed

265 1430 417 1470 afflictis
460 1444 614 1482 semper
657 1430 870 1470 succurrit:
918 1430 987 1482 qui
1026 1430 1188 1482 quidem
1229 1430 1441 1478 Serviliam,
1483 1429 1594 1469 Bruti

265 1503 442 1544 matrem,
481 1509 564 1535 non
602 1495 734 1534 minus
773 1503 863 1546 post
901 1503 1068 1535 mortem
1107 1495 1191 1535 eius
1229 1509 1349 1546 quam
1386 1496 1592 1535 florentem
1615 1509 1657 1533 20

228 1577 247 1610 5
266 1557 440 1600 coluerit.
516 1561 572 1600 sic
609 1560 841 1600 liberalitate
878 1569 994 1600 utens
1035 1562 1162 1600 nullas
1199 1560 1423 1600 inimicitias
1462 1560 1592 1611 gessit,

265 1628 374 1677 quod
404 1640 533 1677 neque
562 1626 745 1665 laedebat
774 1639 1015 1677 quemquam
1045 1639 1187 1677 neque,
1209 1626 1241 1665 si
1267 1639 1387 1677 quam
1413 1625 1594 1665 iniuriam

264 1699 479 1742 acceperat,
529 1704 610 1730 non
654 1690 827 1730 malebat
873 1690 1052 1730 oblivisci
1099 1704 1219 1741 quam
1270 1690 1416 1730 ulcisci.
1486 1690 1594 1730 idem

265 1755 476 1795 immortali
520 1755 709 1794 memoria
749 1763 934 1807 percepta
974 1755 1167 1795 retinebat
1221 1755 1414 1795 beneficia
1427 1769 1438 1803 ;
1493 1767 1595 1806 quae

264 1829 397 1860 autem
445 1821 527 1872 ipse
574 1820 771 1869 tribuerat,
820 1829 901 1860 tam
948 1821 1016 1861 diu
1063 1821 1305 1868 meminerat,
1349 1821 1483 1871 quoad
1528 1819 1594 1860 ille
1614 1831 1654 1864 ²5

226 1898 246 1929 6
264 1894 394 1936 gratus
423 1893 514 1933 erat,
547 1885 614 1936 qui
643 1894 856 1936 acceperat.
917 1886 1049 1937 itaque
1075 1886 1140 1925 hic
1160 1885 1251 1926 fecit
1271 1893 1314 1925 ut
1333 1898 1423 1925 vere
1442 1884 1593 1924 dictum

263 1950 467 1990 videatur:

385 2020 453 2060 Sui
482 2022 625 2072 cuique
654 2035 783 2060 mores
814 2023 968 2073 fingunt
998 2023 1195 2061 fortunam
1226 2020 1465 2060 hominibus

263 2116 393 2153 neque
422 2109 554 2141 tamen
583 2101 648 2141 ille
681 2102 787 2153 prius
820 2104 1017 2142 fortunam
1045 2116 1165 2154 quam
1195 2116 1237 2142 se
1266 2101 1349 2153 ipse
1380 2101 1500 2149 finxit,
1522 2100 1590 2151 qui

263 2166 365 2206 cavit
384 2180 435 2206 ne
455 2180 533 2217 qua
552 2166 592 2205 in
614 2180 654 2206 re
674 2166 756 2206 iure
776 2169 1020 2218 plecteretur.
1609 2172 1652 2204 30

307 2272 330 2302 6
350 2271 530 2302 emerserit
569 2271 632 2311 Gis.
661 2271 724 2303 A:
767 2276 832 2302 —rat
863 2271 935 2302 BH
1101 2276 1137 2302 ut
1165 2280 1264 2310 quam
1290 2269 1447 2310 plurimis
1474 2269 1603 2301 Gmss-‘

263 2314 371 2355 berger
461 2324 499 2345 10
520 2315 578 2354 qui
596 2315 696 2346 etiarn
712 2314 833 2345 Rosius
966 2325 1004 2345 12
1029 2314 1230 2346 Motacillam
1251 2313 1418 2353 Glandotp
1552 2322 1590 2352 15

265 2358 493 2388 necessarium
521 2356 555 2386 R
578 2361 608 2389 et
632 2358 837 2398 Longolt'us:
876 2354 1066 2389 necessaria
1092 2357 1157 2388 rell.
1292 2357 1334 2387 28
1356 2356 1503 2396 quoique
1530 2356 1590 2387 H:

262 2401 386 2440 quique
402 2399 599 2432 Lachmann
614 2405 643 2431 et
658 2401 761 2433 Fleck.
894 2412 936 2440 29
960 2401 1015 2432 ille
1032 2401 1125 2441 prius
1143 2400 1205 2440 an
1223 2409 1230 2431 t
1254 2401 1347 2439 prius
1363 2400 1419 2431 ille
1436 2399 1502 2431 rell.
