1746 2740
697 126 1041 166 ALCIBIADES
1461 125 1556 163 VII.
1579 123 1626 162 iii

202 252 284 278 rem
313 237 535 290 pertineret,
567 250 735 289 magnus
765 235 1011 276 multitudini
1041 235 1160 276 timor
1187 243 1247 276 est
1279 234 1463 284 iniectus,
1490 249 1542 275 ne

201 317 280 355 qua
318 302 523 355 repentina
560 303 618 342 vis
656 302 698 342 in
735 301 894 342 civitate
931 300 1144 350 exsisteret,
1180 314 1282 352 quae
1320 299 1541 340 libertatem

201 367 442 420 opprimeret
471 367 618 419 populi.
678 369 756 408 hoc
785 367 957 407 maxime
985 366 1197 406 convenire
1223 365 1264 405 in
1289 365 1541 405 Alcibiadem
1559 381 1580 413 4

201 433 419 482 videbatur,
442 434 552 484 quod
578 441 617 473 et
643 432 844 484 potentior
866 440 905 472 et
929 432 1054 472 maior
1078 446 1199 484 quam
1223 431 1396 484 privatus
1416 430 1543 471 existi-

165 513 183 546 5
203 500 408 539 mabatur:
438 501 585 539 multos
611 499 718 538 enim
745 498 978 538 liberalitate
1003 497 1241 546 devinxerat,
1265 499 1396 549 plures
1421 496 1541 536 etiam

201 579 322 617 opera
350 564 495 605 forensi
525 578 618 604 suos
647 565 883 604 reddiderat.
943 578 1023 615 qua
1057 578 1098 603 re
1132 563 1251 603 fiebat
1286 570 1328 601 ut
1361 561 1541 602 omnium
1560 574 1578 607 5

201 632 350 678 oculos,
373 631 732 682 quotienscumque
763 630 804 669 in
834 629 1040 682 publicum
1072 629 1278 680 prodisset,
1301 629 1354 668 ad
1382 641 1424 668 se
1450 641 1542 667 con-

202 703 369 735 verteret
388 709 518 746 neque
533 695 569 734 ei
589 709 659 747 par
674 695 885 746 quisquam
906 695 946 734 in
967 694 1124 734 civitate
1144 702 1366 746 poneretur.
1408 693 1541 744 itaque

203 775 284 801 non
323 763 452 801 solum
492 775 603 812 spem
642 761 683 800 in
722 775 771 801 eo
809 761 1011 801 habebant
1051 760 1275 809 maximam,
1311 761 1382 799 sed
1421 759 1539 799 etiarn

148 844 186 866 10
204 828 397 876 timorem,
433 828 543 878 quod
577 835 616 867 et
650 827 792 867 obesse
826 826 1039 878 plurimum
1074 835 1113 867 et
1146 827 1335 878 prodesse
1373 832 1537 877 poterat.

202 893 481 944 aspergebatur
496 892 615 932 etiam
636 891 807 940 infamia,
818 893 937 943 quod
957 891 998 930 in
1018 893 1142 932 domo
1162 905 1233 931 sua
1252 892 1380 930 facere
1400 898 1540 941 myste-
1559 896 1579 928 6

203 958 258 998 ria
286 958 492 999 dicebatur
518 958 645 1010 (quod
674 959 784 998 nefas
813 966 895 997 erat
925 972 1034 998 more
1066 956 1387 1007 Atheniensium)
1417 955 1539 1007 idque

203 1038 285 1063 non
313 1025 364 1063 ad
394 1023 633 1075 religionem,
665 1024 736 1064 sed
764 1024 816 1063 ad
845 1014 1160 1063 coniurationem
1190 1022 1384 1075 pertinere
1412 1021 1539 1062 existi-

204 1090 395 1129 mabatur.

151 1169 186 1201 ¹5
260 1157 353 1194 Hoc
373 1154 536 1194 crimine
556 1154 595 1194 in
616 1154 803 1195 contione
822 1155 873 1194 ab
894 1154 1063 1194 inimicis
1083 1154 1406 1206 compellabatur.
1465 1153 1535 1193 sed
1553 1163 1580 1202 4

205 1219 376 1260 instabat
405 1227 562 1271 tempus
590 1221 642 1260 ad
672 1220 821 1260 bellum
855 1219 1142 1271 proficiscendi.
1201 1219 1242 1260 id
1281 1219 1346 1259 ille
1379 1218 1560 1258 intuens.

206 1299 337 1336 neque
366 1285 548 1336 ignorans
577 1285 721 1325 civium
753 1299 914 1325 suorum
941 1284 1273 1326 consuetudinem
1300 1285 1538 1336 postulabat,

205 1350 236 1390 si
275 1350 372 1402 quid
410 1353 461 1391 de
499 1365 541 1391 se
578 1351 640 1403 agi
674 1353 830 1398 vellent,
866 1351 999 1402 potius
1033 1353 1084 1391 de
1123 1358 1329 1403 praesente
1360 1349 1541 1401 quaestio

205 1416 426 1464 haberetur,
448 1430 568 1468 quam
597 1417 742 1456 absens
771 1416 942 1457 invidiae
966 1416 1130 1457 crimine
1154 1424 1413 1457 accusaretur.
1472 1414 1541 1454 ini·
1562 1429 1576 1450 2

147 1497 187 1520 20
206 1481 298 1520 mici
317 1495 411 1521 vero
439 1481 523 1521 eius
553 1482 841 1533 quiescendum
871 1481 912 1521 in
941 1482 1148 1533 praesenti,
1175 1482 1269 1534 quia
1297 1481 1431 1522 noceri
1460 1495 1541 1521 non

205 1560 322 1597 posse
351 1546 642 1599 intellegebant,
675 1555 714 1587 et
743 1547 840 1588 illud
875 1555 1031 1599 tempus
1065 1549 1376 1599 exspectandum
1410 1549 1542 1588 decre-

205 1620 354 1660 verunt,
387 1626 467 1663 quo
500 1612 533 1652 is
564 1613 716 1661 exisset,
748 1621 791 1653 ut
824 1613 1031 1653 absentem
1063 1615 1377 1665 aggrederentur,
1408 1613 1540 1665 itaque

205 1678 391 1716 fecerunt.
451 1691 544 1717 nam
573 1686 784 1730 postquam
815 1678 855 1718 in
886 1678 1059 1718 Siciliam
1089 1693 1181 1718 eum
1210 1679 1434 1730 pervenisse
1462 1693 1539 1719 cre·
1559 1692 1577 1724 3

205 1741 402 1790 diderunt‚
433 1743 651 1791 absentem,
687 1745 797 1794 quod
832 1757 942 1783 sacra
975 1743 1169 1792 violasset,
1205 1758 1315 1783 reum
1349 1745 1537 1784 fecerunt.

148 1822 186 1854 25
206 1819 285 1856 qua
313 1807 365 1846 de
394 1820 434 1846 re
462 1821 554 1847 cum
585 1808 620 1862 ei
650 1808 811 1848 nuntius
831 1823 854 1848 a
875 1809 1101 1861 magistratu
1132 1809 1173 1849 in
1200 1809 1372 1850 Siciliam
1397 1809 1539 1849 missus

205 1878 319 1919 esset,
343 1880 385 1911 ut
414 1873 579 1912 domum
606 1874 658 1913 ad
687 1887 846 1913 causam
874 1875 1087 1915 dicendam
1113 1875 1266 1923 rediret,
1289 1883 1472 1926 essetque
1497 1874 1537 1914 in

207 1948 351 1987 magna
387 1950 458 1988 spe
496 1937 720 1989 provinciae
759 1939 862 1979 bene
899 1940 1246 1989 administrandae,
1284 1955 1364 1981 non
1403 1954 1538 1992 parere

206 2001 333 2040 noluit
359 2009 399 2042 et
422 2002 462 2041 in
487 2002 655 2062 trierem,
674 2017 777 2058 quae
802 2005 854 2044 ad
874 2018 965 2044 eum
986 2014 1069 2046 erat
1092 2007 1384 2057 deportandum
1406 2005 1535 2055 missa,

204 2066 394 2106 ascendit.
453 2068 528 2107 hac
557 2068 728 2108 Thurios
758 2069 797 2108 in
829 2070 984 2110 Italiam
1012 2080 1229 2122 pervectus,
1252 2072 1376 2110 multa
1401 2060 1535 2110 secum
1556 2083 1576 2114 4

147 2146 188 2178 30
205 2140 391 2183 reputans
411 2134 462 2172 de
482 2132 743 2173 immoderata
762 2134 906 2174 civium
931 2150 1092 2176 suorum
1114 2137 1273 2177 licentia
1293 2136 1537 2176 crudelitate-

253 2247 290 2277 15
315 2239 472 2270 contione
496 2238 585 2270 codd.
611 2239 767 2270 Kilt'ensis
781 2243 810 2271 et
828 2241 1020 2274 Puteanus:
1044 2243 1266 2274 contentione
1287 2245 1392 2285 (-nem
1411 2243 1459 2284 R)
1470 2239 1536 2277 rell.

207 2289 249 2311 20
272 2291 395 2312 nocere
418 2282 480 2313 Mu
499 2293 506 2313 :
545 2283 661 2314 noceri
685 2283 716 2314 ei
739 2283 871 2316 Bardili
1030 2296 1072 2317 22
1097 2297 1163 2327 quo
1180 2287 1207 2318 si
1233 2286 1283 2318 P:
1322 2297 1391 2327 quo
1413 2286 1533 2319 anb.

205 2333 272 2363 quo
297 2325 416 2357 elassis
440 2325 541 2359 Fleck.
689 2327 730 2358 28
755 2327 926 2360 triremem
951 2328 1057 2361 BMR
1187 2331 1319 2371 deport.
1346 2334 1416 2362 erat
1443 2330 1532 2363 codd.

201 2371 328 2408 practer
340 2367 432 2401 Dan.
