1746 2740
729 127 849 165 EVM
856 127 998 166 ENES
1364 129 1526 169 XVIII.
1548 130 1611 169 vii

250 239 391 290 Itaque
410 238 545 290 copias
564 238 767 287 contraxit,
787 239 934 278 bellum
950 239 1137 279 adversus
1151 238 1399 291 Antigonum
1420 253 1526 280 com-
1544 250 1567 290 7

193 302 352 354 paravit.
410 304 520 354 quod
546 317 626 343 una
648 311 758 343 erant
784 305 1030 344 Macedones
1050 306 1274 356 complures
1294 304 1460 353 nobiles,
1483 305 1524 345 in

192 368 238 407 iis
278 371 499 417 Peucestes,
535 368 603 420 qui
641 368 816 420 corporis
853 377 987 409 custos
1020 371 1146 409 fuerat
1177 370 1402 419 Alexandri,
1437 377 1523 410 tum

191 442 323 474 autem
344 434 550 474 obtinebat
575 434 793 483 Persidem,
812 441 850 474 et
871 434 1100 486 Antigenes,
1122 435 1233 475 cuius
1257 436 1331 475 sub
1355 435 1522 487 imperio

153 514 172 547 5
191 501 362 551 phalanx
395 507 476 539 erat
510 501 794 548 Macedonum,
825 499 1015 540 invidiam
1049 514 1187 540 verens
1217 501 1354 553 (quam
1388 508 1521 541 tamen

190 566 360 617 effugere
379 579 461 604 non
481 565 638 617 potuit),
656 565 688 604 si
708 565 840 617 potius
860 565 944 617 ipse
964 566 1184 617 alienigena
1203 567 1348 607 summi
1368 566 1521 619 imperii

190 631 379 681 potiretur
397 644 516 682 quam
538 630 602 670 alii
624 632 908 680 Macedonum,
927 645 1096 683 quorum
1116 631 1171 671 ibi
1191 639 1272 672 erat
1293 632 1517 680 multitudo,

189 695 229 734 in
267 695 467 747 principiis
505 696 719 736 Alexandri
762 696 925 736 nomine
963 697 1262 737 tabernaculum
1301 697 1436 737 statuit
1478 698 1518 738 in
1541 714 1557 736 2

188 774 317 812 eoque
336 762 472 800 sellam
498 774 658 800 auream
684 775 775 801 cum
796 761 952 813 sceptro
971 775 1017 801 ac
1038 762 1264 802 diademate
1285 762 1396 802 iussit
1423 763 1519 814 poni

129 841 170 865 ιο
188 839 316 877 eoque
349 839 488 865 omnes
521 825 684 866 cottidie
713 826 935 875 convenire,
967 835 1010 866 ut
1043 826 1098 866 ibi
1127 828 1179 867 de
1207 827 1371 867 summis
1401 828 1518 867 rebus

186 891 349 931 consilia
369 899 611 943 caperentur,
629 893 796 931 credens
817 892 968 932 minore
987 905 1030 932 se
1050 892 1197 932 invidia
1216 894 1309 941 fore,
1333 893 1364 932 si
1384 893 1517 944 specie

184 956 335 1008 imperii
362 956 616 1008 nominisque
643 957 894 997 simulatione
913 957 1130 997 Alexandri
1150 957 1299 997 bellum
1319 958 1516 998 videretur

181 1021 464 1062 administrare.
523 1023 634 1073 quod
671 1022 810 1062 effecit.
870 1036 962 1062 nam
996 1036 1087 1063 cum
1121 1036 1203 1062 non
1236 1024 1288 1062 ad
1323 1023 1515 1063 Eumenis
1536 1037 1554 1067 3

181 1087 386 1140 principia,
419 1089 489 1127 sed
527 1089 578 1127 ad
617 1087 723 1139 regia
759 1087 1035 1127 conveniretur
1071 1095 1190 1139 atque
1224 1087 1279 1127 ibi
1312 1089 1363 1128 de
1396 1089 1514 1129 rebus

125 1165 160 1198 ¹5
180 1153 470 1202 deliberaretur,
498 1154 674 1205 quodam
704 1155 826 1193 modo
855 1154 1013 1201 latebat,
1039 1167 1130 1193 cum
1161 1161 1294 1193 tamen
1323 1167 1392 1205 per
1421 1168 1512 1194 eum

180 1233 303 1258 unum
323 1226 548 1271 gererentur
567 1218 712 1258 omnia.

233 1284 314 1324 Hic
344 1285 384 1324 in
415 1284 635 1324 Paraetacis
664 1298 756 1324 cum
785 1283 988 1335 Antigono
1017 1283 1204 1332 conflixit,
1233 1298 1314 1324 non
1344 1284 1429 1325 acie
1456 1284 1510 1324 in-
1531 1289 1555 1327 8

177 1357 334 1399 structa,
357 1352 427 1390 sed
457 1350 496 1389 in
526 1350 674 1397 itinere,
697 1363 870 1401 eumque
900 1351 1002 1389 male
1025 1357 1234 1400 acceptum
1258 1349 1299 1388 in
1330 1349 1510 1390 Mediam

176 1414 393 1454 hiematum
422 1415 551 1467 coegit
581 1414 717 1454 redire.
778 1414 861 1466 ipse
890 1414 931 1453 in
960 1414 1128 1453 finitima
1151 1414 1311 1466 regione
1338 1414 1509 1455 Persidis

117 1495 157 1518 20
175 1479 392 1521 hiematum
431 1481 565 1532 copias
604 1480 746 1527 divisit,
782 1494 864 1520 non
902 1488 945 1520 ut
979 1480 1113 1529 voluit,
1135 1481 1206 1520 sed
1244 1488 1288 1519 ut
1339 1480 1508 1520 militum

173 1547 341 1597 cogebat
367 1548 559 1586 voluntas.
619 1559 793 1597 namque
821 1545 888 1584 illa
915 1546 1087 1596 phalanx
1110 1545 1326 1585 Alexandri
1357 1546 1508 1597 Magni,
1529 1562 1544 1584 2

173 1624 275 1662 quae
295 1612 431 1651 Asiam
452 1619 671 1664 peragrarat
698 1611 977 1662 deviceratque
1002 1612 1150 1659 Persas,
1174 1610 1389 1651 inveterata
1414 1625 1506 1652 cum

171 1677 294 1728 gloria
322 1685 406 1717 tum
436 1678 554 1718 etiam
584 1678 755 1727 licentia,
784 1691 866 1716 non
896 1690 1031 1728 parere
1061 1690 1103 1715 se
1131 1676 1312 1725 ducibus,
1338 1679 1408 1717 sed
1438 1677 1506 1717 im-

173 1756 307 1793 perare
335 1744 572 1794 postulabat,
601 1752 643 1783 ut
672 1756 779 1782 nunc
798 1740 972 1782 veterani
1002 1740 1151 1781 faciunt
1179 1741 1312 1781 nostri.
1372 1742 1505 1794 itaque

112 1819 152 1853 ²5
173 1807 390 1858 periculum
424 1817 482 1848 est
517 1823 567 1849 ne
601 1808 745 1847 faciant
774 1808 884 1859 quod
912 1807 967 1846 illi
997 1809 1184 1855 fecerunt,
1216 1820 1287 1846 sua
1315 1806 1504 1859 intempe-

172 1873 296 1912 rantia
333 1874 534 1925 nimiaque
568 1873 726 1913 licentia
759 1881 801 1912 ut
835 1872 970 1912 omnia
1003 1874 1170 1924 perdant
1203 1885 1333 1923 neque
1372 1872 1502 1913 minus

170 1953 249 1986 eos,
285 1953 376 1979 cum
411 1941 556 1991 quibus
590 1939 778 1987 steterint,
814 1952 934 1990 quam
969 1940 1157 1978 adversus
1191 1952 1292 1989 quos
1325 1939 1498 1979 fecerint.

169 2006 279 2054 quod
308 2005 339 2044 si
369 2006 456 2056 quis
486 2006 639 2044 illorum
661 2012 934 2044 veteranorum
962 2005 1064 2055 legat
1090 2005 1203 2052 facta,
1229 2003 1336 2055 paria
1359 2006 1500 2044 horum
1521 2019 1539 2050 3

169 2079 382 2121 cognoscat
412 2085 542 2122 neque
572 2085 652 2110 rem
683 2072 802 2109 ullam
833 2069 907 2108 nisi
937 2077 1094 2120 tempus
1123 2069 1310 2109 interesse
1339 2060 1497 2110 iudicet.

109 2145 150 2176 30
169 2136 239 2174 sed
271 2137 323 2174 ad
358 2135 444 2175 illos
479 2144 655 2175 revertar.
715 2135 880 2173 hiberna
914 2142 1161 2185 sumpserant
1192 2147 1272 2173 non
1302 2136 1353 2174 ad
1383 2149 1499 2175 usum

169 2200 272 2249 belli,
295 2202 365 2240 sed
394 2202 446 2240 ad
475 2201 649 2252 ipsorum
675 2200 877 2247 luxuriam,
901 2200 1098 2250 longeque
1123 2199 1222 2239 inter
1242 2213 1285 2239 se
1311 2200 1499 2240 discesse-

212 2314 230 2343 7
254 2304 327 2346 alii]
344 2304 447 2345 aliqui
469 2305 577 2336 Halm
595 2317 602 2336 :
626 2305 749 2344 aliquis
771 2302 868 2344 Nipp.
1086 2312 1124 2342 13
1147 2303 1377 2335 administrari
1398 2303 1494 2346 Nr'pp.

167 2347 281 2379 effecit
296 2347 486 2390 Heusinger
500 2360 507 2380 :
530 2354 564 2380 et
581 2349 658 2380 fecit
674 2346 764 2379 codd.
903 2356 939 2385 17
964 2346 1072 2386 impar
1084 2346 1206 2378 aetatis
1217 2346 1324 2378 BMR
1454 2358 1494 2388 31

168 2390 399 2423 discenserant
418 2393 449 2423 A
468 2404 475 2423 τ
499 2393 733 2424 dissenserant
749 2391 780 2423 ς’

209 2454 312 2476 cuRN.
332 2456 408 2477 ΝΕΡ.
1389 2446 1410 2476 6
