1746 2740
657 135 733 174 DE
764 134 1007 174 REGIBVS
1399 133 1510 171 XXI.
1533 131 1579 169 iii

162 251 385 304 Antigonus
414 257 453 290 et
476 248 593 289 huius
612 247 716 287 filius
737 245 975 295 Demetrius,
997 245 1268 298 Lysimachus,
1291 245 1491 292 Seleucus,

162 319 424 359 Ptolemaeus.
496 328 543 354 ex
571 313 633 353 his
662 312 886 364 Antigonus
915 311 956 351 in
993 310 1154 363 proelio,
1185 324 1277 350 cum
1305 311 1494 351 adversus
1516 323 1532 345 2

162 385 371 424 Seleucum
391 389 431 421 et
458 379 739 432 Lysimachum
760 378 978 426 dimicaret,
997 376 1153 417 occisus
1177 383 1245 416 est.
1303 375 1388 428 pari
1414 376 1497 415 leto

161 451 323 490 affectus
361 454 421 487 est
469 445 728 498 Lysimachus
765 444 817 484 ab
855 445 1048 484 Seleuco:
1095 455 1268 494 namque
1305 441 1495 482 societate

122 529 140 562 5
161 514 352 555 dissoluta
381 513 529 552 bellum
559 511 660 550 inter
688 523 731 550 se
758 516 972 561 gesserunt.
1048 516 1088 548 at
1128 507 1365 556 Demetrius,
1401 520 1493 546 cum
1514 519 1531 550 3

161 579 282 620 filiam
311 592 423 618 suam
453 578 620 617 Seleuco
650 575 690 615 in
729 574 1025 615 matrimonium
1063 573 1239 614 dedisset
1275 586 1407 624 neque
1444 585 1494 612 eo

162 644 285 696 magis
305 645 385 683 fida
404 643 504 682 inter
529 655 599 682 eos
626 632 800 681 amicitia
825 653 985 680 manere
1003 638 1207 690 potuisset,
1229 645 1368 689 captus
1388 638 1494 677 bello

162 709 202 749 in
223 708 404 749 custodia
432 721 544 747 socer
571 706 705 758 generi
733 705 847 758 periit
875 719 899 745 a
927 705 1079 745 morbo.
1138 717 1269 755 neque
1294 703 1348 742 ita
1368 704 1494 742 multo
1515 717 1534 750 4

163 782 252 827 post
282 775 469 814 Seleucus
498 786 522 812 a
551 774 780 812 Ptolemaeo
810 772 995 811 Cerauno
1023 771 1119 810 dolo
1156 769 1384 809 interfectus
1421 776 1492 817 est,

106 855 146 879 ιο
163 853 283 891 quem
314 839 379 879 ille
408 852 432 878 a
464 845 574 890 patre
606 838 812 888 expulsum
842 836 1093 875 Alexandrea
1124 834 1341 874 alienarum
1371 847 1495 885 opum

162 904 405 956 indigentem
429 909 638 954 receperat.
698 901 782 952 ipse
806 908 941 940 autem
968 902 1231 948 Ptolemaeus,
1262 913 1355 939 cum
1383 899 1495 938 vivus

162 969 243 1008 filio
262 982 426 1021 regnum
446 967 681 1014 tradidisset,
703 967 755 1006 ab
774 965 843 1006 illo
862 966 1007 1006 eodem
1027 965 1107 1005 vita
1126 965 1300 1016 privatus
1321 965 1474 1004 dicitur.

218 1036 279 1074 De
298 1034 443 1085 quibus
463 1032 652 1084 quoniam
672 1031 765 1071 satis
785 1031 937 1071 dictum
957 1038 1153 1082 putamus,
1175 1044 1258 1070 non
1277 1030 1495 1070 incommo-
1515 1049 1532 1081 5

161 1101 258 1139 dum
289 1098 443 1138 videtur
475 1111 556 1137 non
587 1096 796 1149 praeterire
827 1095 1099 1136 Hamilcarem
1130 1103 1169 1135 et
1208 1095 1492 1144 Hannibalern,

106 1179 142 1211 ¹5
162 1178 262 1216 quos
291 1171 330 1203 et
358 1162 479 1202 animi
508 1160 780 1216 magnitudine
809 1167 847 1200 et
876 1159 1089 1201 calliditate
1118 1174 1258 1200 omnes
1292 1160 1333 1199 in
1362 1159 1495 1200 Africa

162 1238 275 1270 natos
296 1228 534 1282 praestitisse
554 1234 720 1268 constat.

218 1359 461 1405 HAM1LCAR,
485 1355 724 1395 Hannibalis
754 1355 869 1403 filius,
897 1354 1136 1406 cognomine
1164 1356 1300 1403 Barca,
1325 1355 1492 1395 Kartha·
1510 1367 1528 1395 1

159 1420 358 1473 giniensis‚
393 1420 522 1471 primo
556 1418 732 1459 Poenico
763 1418 880 1467 bello,
913 1419 984 1458 sed
1015 1418 1262 1470 temporibus
1295 1418 1490 1467 extremis,

159 1488 378 1527 admodum
413 1486 734 1526 adulescentulus
765 1484 806 1523 in
841 1483 973 1523 Sicilia
1011 1497 1192 1535 praeesse
1225 1484 1359 1535 coepit
1389 1498 1494 1525 exer-

102 1570 143 1593 20
160 1552 266 1592 citui.
325 1565 416 1591 cum
445 1559 538 1591 ante
566 1550 650 1590 eius
679 1551 895 1590 adventum
923 1557 962 1590 et
987 1549 1083 1589 mari
1111 1557 1150 1589 et
1174 1557 1275 1589 terra
1303 1551 1406 1590 male
1433 1564 1493 1590 res
1515 1563 1530 1586 2

159 1625 384 1669 gererentur
399 1615 801 1668 Karthaginiensium,
817 1614 902 1666 ipse
917 1614 985 1654 ubi
1000 1614 1140 1663 adfuit,
1155 1628 1376 1666 numquam
1389 1616 1494 1656 hosti

160 1683 276 1722 cessit
309 1696 439 1734 neque
472 1683 604 1721 locum
639 1680 812 1721 nocendi
850 1679 973 1728 dedit,
1009 1693 1208 1732 saepeque
1241 1694 1264 1720 e
1297 1681 1494 1720 contrario

160 1748 368 1788 occasione
388 1749 481 1788 data
500 1746 694 1787 lacessivit
710 1759 945 1797 semperque
965 1745 1142 1796 superior
1161 1745 1353 1785 discessit.
1412 1759 1494 1798 quo

161 1815 272 1861 facto,
309 1827 400 1853 cum
431 1827 558 1865 paene
593 1811 728 1852 omnia
761 1811 801 1849 in
836 1810 968 1850 Sicilia
1003 1810 1125 1850 Poeni
1157 1810 1392 1859 amisissent,
1427 1811 1492 1851 ille

102 1895 140 1928 ²5
163 1881 329 1931 Erycem
358 1878 414 1918 sic
442 1877 632 1925 defendit,
655 1885 697 1916 ut
727 1877 875 1916 bellum
903 1889 953 1915 eo
982 1877 1072 1915 loco
1097 1883 1251 1928 gestum
1280 1890 1361 1916 non
1388 1877 1493 1917 vide-

162 1953 274 1985 retur.
333 1943 489 1984 interim
512 1942 863 1993 Karthaginienses
883 1943 1008 1981 classe
1030 1942 1138 1992 apud
1163 1941 1309 1981 insulas
1329 1943 1490 1994 Aegatis
1511 1952 1529 1983 3

159 2024 182 2050 a
202 2013 247 2052 C.
272 2010 441 2058 Lutatio,
464 2011 627 2050 consule
649 2011 936 2055 Romanorum,
958 2006 1130 2058 superati
1158 2014 1377 2046 statuerunt
1398 2007 1490 2047 belli

159 2078 286 2116 facere
306 2077 425 2115 finem
453 2088 622 2126 eamque
647 2088 728 2113 rem
754 2072 916 2113 arbitrio
945 2072 1207 2124 permiserunt
1238 2072 1487 2112 Hamilcaris.

159 2141 224 2182 ille
252 2141 326 2182 etsi
354 2141 541 2192 flagrabat
571 2138 745 2179 bellandi
775 2137 1003 2189 cupiditate,
1034 2145 1167 2177 tamen
1199 2137 1287 2188 p'aci
1320 2138 1491 2178 serviun-

101 2224 141 2256 30
159 2208 256 2246 dum
290 2198 455 2258 putavit,
484 2205 594 2256 quod
627 2197 792 2255 patriam
827 2204 1058 2242 exhaustam
1089 2202 1313 2254 sumptibus
1342 2203 1490 2243 diutius

160 2271 400 2310 calamitates
414 2270 505 2310 belli
521 2271 619 2309 ferre
635 2282 715 2308 non
732 2281 848 2319 posse
864 2267 1127 2318 intellegebat,
1145 2268 1215 2306 sed
1232 2267 1284 2306 ita
1300 2275 1342 2307 ut
1357 2268 1487 2308 statim
1507 2280 1528 2311 4

203 2375 224 2404 8
248 2385 267 2406 a
282 2386 347 2406 om.
367 2374 463 2405 MRu
596 2384 638 2405 20
654 2372 749 2414 ante]
767 2376 880 2404 autern
899 2371 930 2402 A
947 2383 954 2402 ε
979 2376 1091 2403 autem
1110 2371 1182 2402 cius
1199 2372 1348 2403 aduentu
1366 2372 1485 2405 Hdctt.

160 2418 255 2459 Nipp.
