1746 2740
678 135 1025 175 IPHICRATES
1477 135 1550 174 XI.
1570 134 1602 172 ii

181 262 365 300 magnam
393 249 562 301 adeptus
596 255 655 288 est
692 247 867 299 gloriam.
926 261 1018 286 cum
1052 249 1286 287 Artaxerxes
1321 246 1517 298 Aegyptio
1536 264 1556 296 4

181 313 260 364 regi
299 314 447 353 bellum
492 313 634 353 inferre
671 312 805 360 voluit,
848 312 1074 364 Iphicraten
1112 313 1165 351 ab
1203 311 1516 352 Atheniensibus

181 380 326 418 ducem
346 378 492 430 petivit,
516 392 636 430 quem
656 379 885 430 praeficeret
910 377 1096 417 exercitui
1116 377 1382 430 conducticio,
1405 376 1517 416 cuius

181 457 368 483 numerus
388 444 452 482 x—11
471 443 556 483 fuit.
614 456 735 494 quern
764 442 928 494 quidem
958 442 1014 482 sic
1043 442 1153 482 omni
1182 442 1392 493 disciplina
1420 435 1517 481 mili'-

141 525 161 558 5
181 509 253 548 tari
297 508 477 558 erudivit,
524 517 577 558 ut,
632 522 752 560 quem
796 509 848 548 ad
890 510 1057 548 modurn
1102 509 1308 559 quondam
1351 507 1516 547 Fabiani

182 574 324 614 milites
372 573 546 614 Romani
593 574 780 626 appellati
827 582 930 623 sunt,
971 573 1026 613 sic
1070 573 1362 625 Iphicratenses
1408 575 1516 625 apud

181 642 355 679 Graecos
375 640 415 679 in
445 654 601 680 summa
626 641 744 680 laude
773 640 927 680 fuerint.
985 640 1093 679 idem
1121 639 1300 679 subsidio
1321 641 1517 679 Lacedae·
1537 655 1555 687 5

182 706 324 745 moniis
358 708 557 758 profectus
590 706 895 758 Epaminondae
933 705 1143 746 retardavit
1182 706 1364 757 impetus.
1422 719 1516 745 nam

181 771 255 811 nisi
293 772 377 810 eius
414 773 608 811 adventus
645 772 1012 823 appropinquasset,
1054 785 1135 811 non
1182 771 1289 823 prius
1334 770 1518 810 Thebani

122 851 164 875 ιο
181 837 319 888 Sparta
338 837 631 885 abscessissent,
655 851 775 888 quam
795 845 951 888 captam
972 836 1159 876 incendio
1179 838 1388 877 delessent.

236 902 326 941 Fuit
353 910 486 942 autem
515 910 555 942 et
582 903 718 942 animo
748 916 892 953 magno
921 909 961 942 et
989 916 1154 954 corpore
1186 901 1517 954 imperatoriaque
1536 909 1561 947 3

180 969 319 1016 forma,
338 975 382 1007 ut
401 967 489 1019 ipso
507 976 671 1020 aspectu
691 967 814 1007 cuivis
839 967 1000 1007 iniceret
1022 967 1324 1008 admirationem
1351 968 1423 1016 sui,
1446 970 1516 1008 sed
1539 983 1555 1005 2

180 1032 221 1072 in
240 1034 374 1072 labore
394 1033 511 1072 nimis
532 1034 717 1073 remissus
738 1047 957 1085 parumque
977 1033 1142 1085 patiens,
1164 1041 1208 1073 ut
1227 1035 1516 1085 Theopompus

180 1098 394 1138 memoriae
414 1099 598 1149 prodidit,
622 1100 752 1138 bonus
778 1112 870 1138 vero
890 1098 985 1138 civis
1010 1100 1170 1150 fideque
1196 1112 1349 1150 magna.
1409 1100 1519 1150 quod

123 1175 161 1208 ¹5
180 1177 272 1203 cum
310 1163 351 1202 in
389 1163 474 1203 aliis
512 1165 629 1204 rebus
662 1164 886 1212 declaravit,
923 1171 1008 1203 tum
1045 1163 1215 1204 maxime
1246 1164 1287 1203 in
1321 1166 1519 1216 Amyntae

182 1228 418 1268 Macedonis
447 1229 579 1269 liberis
608 1229 777 1269 tuendis.
836 1243 1010 1280 namque
1043 1229 1251 1281 Eurydice,
1283 1237 1408 1269 mater
1431 1232 1519 1269 Per-

179 1294 316 1333 diccae
335 1302 374 1333 et
395 1294 582 1346 Philippi,
602 1308 694 1334 cum
720 1294 781 1334 his
805 1295 963 1335 duobus
998 1294 1129 1346 pueris
1159 1296 1334 1346 Amynta
1360 1302 1516 1335 mortuo

178 1360 231 1398 ad
252 1359 479 1410 Iphicraten
498 1360 675 1411 confugit
695 1359 860 1411 eiusque
880 1359 1023 1411 opibus
1045 1361 1209 1400 defensa
1223 1367 1292 1400 est.
1351 1359 1446 1399 vixit
1464 1361 1515 1400 ad
1535 1371 1554 1403 3

180 1432 426 1464 senectutem
454 1426 617 1477 placatis
647 1425 688 1464 in
717 1439 759 1465 se
788 1439 949 1465 suorum
977 1425 1122 1465 civium
1143 1425 1296 1465 animis.
1356 1439 1516 1465 causam

121 1507 162 1530 20
180 1490 318 1541 capitis
356 1492 479 1530 semel
517 1491 625 1540 dixit,
666 1491 772 1531 bello
811 1491 958 1541 sociali,
1000 1491 1117 1531 simul
1155 1505 1247 1531 cum
1287 1491 1514 1540 Timotheo,

179 1569 308 1606 eoque
334 1555 482 1596 iudicio
511 1564 570 1596 est
595 1556 810 1596 absolutus.
872 1558 1109 1597 Menesthea
1135 1556 1259 1597 filium
1281 1557 1440 1608 reliquit
1469 1571 1516 1597 ex
1534 1572 1555 1603 4

179 1621 352 1661 Thressa
387 1629 537 1670 natum,
578 1621 670 1662 Coti
709 1622 808 1673 regis
847 1622 936 1661 filia.
999 1621 1032 1661 is
1071 1635 1163 1662 cum
1202 1622 1512 1674 interrogaretur,

179 1694 310 1725 utrum
338 1687 471 1738 pluris,
501 1695 653 1739 patrem
682 1695 914 1737 matremne,
943 1689 1097 1736 faceret,
1132 1691 1319 1728 ‘matrem
1336 1690 1344 1706 '
1373 1688 1511 1739 inquit.

179 1751 221 1790 id
249 1765 341 1790 cum
370 1753 557 1792 omnibus
592 1753 734 1792 mirum
763 1753 970 1800 videretur,
1005 1761 1045 1792 at
1072 1753 1137 1792 ille
1169 1753 1358 1793 ‘merito’
1387 1753 1514 1805 inquit

123 1829 160 1862 25
182 1820 191 1837 ‘
204 1817 328 1857 facio:
358 1831 450 1857 nam
470 1826 594 1869 pater,
613 1826 805 1870 quantum
827 1818 867 1857 in
897 1832 939 1858 se
959 1818 1044 1867 fuit,
1062 1819 1260 1858 Threcem
1281 1833 1345 1858 me
1364 1820 1511 1870 genuit,

180 1890 317 1921 contra
335 1896 383 1922 ea
402 1890 525 1922 mater
544 1883 856 1922 Atheniensem.’
1521 1879 1531 1890 ⁸

234 2010 453 2049 CHABRIAS
479 2010 745 2049 Atheniensis.
805 2010 869 2049 hic
898 2009 1129 2062 quoque‘in
1158 2011 1323 2051 summis
1352 2012 1510 2052 habitus
1530 2023 1546 2049 1

179 2082 236 2113 est
266 2074 436 2113 ducibus
465 2088 606 2126 resque
635 2076 777 2114 multas
807 2074 998 2114 memoria
1026 2075 1166 2126 dignas
1183 2076 1314 2127 gessit.
1373 2078 1442 2117 sed
1463 2092 1509 2116 ex

173 2138 238 2177 *his
268 2141 398 2178 elucet
431 2139 601 2178 maxime
634 2139 840 2178 inventum
871 2139 955 2178 eius
987 2139 1027 2178 in
1060 2140 1225 2190 proelio,
1259 2142 1368 2192 quod
1402 2143 1508 2193 apud

222 2253 242 2272 2
267 2243 466 2283 Ipsicratem
499 2244 624 2284 (-ten?)
653 2243 771 2275 Dum:
812 2243 1023 2284 Ipsicrathen
1049 2243 1154 2275 ABP
1318 2245 1339 2275 8
1364 2245 1509 2285 impetus

179 2284 241 2316 Mu
259 2298 266 2317 ε
290 2286 445 2327 inceptus
460 2286 549 2317 AB:
576 2287 756 2326 incoeptus
772 2287 826 2318 R:
850 2288 1062 2328 interceptus
1075 2287 1117 2328 (3)
1135 2287 1226 2319 Dan.
1366 2288 1403 2318 18
1422 2288 1507 2329 Iphi-

178 2334 301 2359 cratem
328 2329 416 2360 codd.
559 2340 600 2369 23
624 2330 700 2370 plus
727 2330 816 2362 Dan.
845 2329 949 2361 APR
1090 2339 1131 2370 25
1155 2331 1271 2369 genuit
1296 2331 1350 2362 uel
1378 2333 1506 2364 creauit

178 2371 275 2402 BPR
290 2376 320 2403 et
333 2372 367 2403 in
383 2373 416 2403 A
436 2373 488 2403 uel
508 2374 636 2404 creauit
651 2379 812 2414 suprascr.
