1746 2740
144 129 215 171 v1.
239 132 271 170 ii
450 101 453 106 ¹
630 123 883 169 'CORNELI
923 125 1165 182 NEPoTls

232 241 397 294 perfidia
424 240 516 280 satis
545 247 605 280 est
632 252 753 278 unam
781 251 864 277 rem
893 235 1063 287 exempli
1089 231 1212 286 gratia
1236 232 1418 285 proferre,
1440 245 1491 272 ne
1510 233 1562 272 de

193 323 207 344 2
232 308 376 347 eodem
405 308 516 358 plura
542 304 814 345 enumerando
838 294 1099 353 defatigemus
1128 301 1305 339 lectores.
1363 298 1487 338 victor
1515 311 1564 338 ex

233 372 329 412 Asia
340 385 432 412 cum
447 377 702 411 reverteretur
717 370 978 418 Thasumque
993 365 1225 413 divertisset,
1241 365 1350 415 quod
1365 377 1412 403 ea
1427 363 1563 403 civitas

233 436 445 489 praecipua
473 437 553 475 fide
581 437 705 475 fuerat
734 446 825 484 erga
850 431 1126 478 Athenienses,
1155 429 1322 481 proinde
1349 442 1396 468 ac
1425 428 1458 467 si
1487 440 1563 467 non

233 502 340 542 idem
367 500 579 540 firmissimi
605 501 775 540 solerent
802 511 888 537 esse
907 496 1036 545 amici,
1058 495 1125 547 qui
1146 502 1372 535 constantes
1398 493 1563 532 fuissent
1583 505 1602 539 5

194 580 210 609 3
233 566 394 614 inimici,
414 573 633 617 pervertere
652 578 740 604 eam
767 561 1004 613 concupivit.
1063 560 1161 600 vidit
1180 567 1324 607 autem,
1347 558 1423 598 nisi
1446 557 1487 597 in
1513 571 1563 597 eo

234 632 470 671 occultasset
489 632 749 678 voluntatem,
768 630 943 668 futurum
967 634 1011 666 ut
1030 625 1167 666 Thasii
1187 624 1454 665 dilaberentur
1472 636 1564 664 con-

234 698 485 747 sulerentque
505 696 623 736 rebus
643 694 722 734 suis
745 709 764 730 *
788 707 806 728 *
831 708 850 730 2·-

187 768 212 805 3
289 763 430 812 Itaque
462 761 504 799 hi
537 758 840 800 decemviralem
873 757 980 797 inam
1018 764 1254 808 potestatem
1288 755 1339 795 ab
1372 754 1440 795 illo
1473 767 1565 794 con-

234 826 411 866 stitutam
445 827 694 865 sustulerunt.
765 837 846 875 quo
880 824 1017 863 dolore
1051 822 1237 861 incensus
1276 820 1362 860 iniit
1399 818 1564 860 consilia
1585 834 1624 859 ιο

234 904 343 942 reges
373 889 781 930 Lacedaemoniorum
810 889 957 927 tollere.
1018 888 1088 927 sed
1118 885 1312 926 sentiebat
1341 884 1382 925 id
1411 899 1453 925 se
1478 884 1564 925 sine

234 969 311 1007 ope
340 957 506 995 deorum
535 956 663 994 facere
691 968 773 993 non
802 967 930 1004 posse,
953 953 1063 1003 quod
1096 950 1402 991 Lacedaemonii
1430 950 1564 990 omnia

195 1034 210 1056 2
233 1020 286 1060 ad
319 1021 477 1061 oracula
513 1020 654 1059 referre
686 1026 933 1059 consuerant.
994 1017 1164 1068 primum
1205 1016 1444 1067 Delphicum
1482 1029 1564 1055 cor-

234 1098 415 1136 rumpere
452 1092 511 1124 est
548 1091 724 1124 conatuS.
783 1096 874 1123 cum
907 1082 949 1122 id
987 1096 1069 1121 non
1106 1081 1310 1132 potuisset,
1348 1082 1562 1121 Dodonam

234 1151 395 1190 adortus
415 1157 484 1189 est.
543 1149 636 1188 hinc
656 1162 816 1199 quoque
837 1148 1015 1198 repulsus
1036 1146 1132 1186 dixit
1159 1160 1200 1185 se
1220 1153 1311 1185 vota
1331 1145 1562 1197 suscepisse,
1585 1157 1621 1190 15

235 1229 337 1266 quae
367 1214 453 1254 Iovi
483 1213 706 1253 Hammoni
735 1215 911 1260 solveret,
936 1212 1161 1252 existimans
1191 1225 1232 1251 se
1261 1212 1378 1251 Afros
1411 1211 1562 1251 facilius

195 1295 213 1326 3
235 1287 519 1331 corrupturum.
583 1280 657 1318 hac
695 1292 765 1329 spe
798 1291 890 1317 cum
928 1279 1126 1328 profectus
1160 1284 1262 1316 esset
1300 1276 1340 1315 in
1373 1276 1560 1326 Africam,

235 1346 404 1384 multum
427 1357 518 1383 eum
547 1343 741 1382 antistites
777 1342 882 1382 Iovis
912 1343 1141 1382 fefellerunt.
1201 1355 1293 1380 nam
1322 1355 1404 1381 non
1433 1343 1561 1381 solum

235 1409 432 1459 corrumpi
458 1421 539 1447 non
566 1414 789 1459 potuerunt,
813 1407 883 1446 sed
903 1406 1021 1446 etiam
1049 1408 1196 1458 legat-os
1218 1407 1561 1453 Lacedaemonem

236 1474 436 1521 miserunt,
485 1472 554 1524 qui
601 1473 848 1523 Lysandrum
896 1478 1136 1518 accusarent,
1181 1472 1290 1522 quod
1338 1473 1562 1511 sacerdotes
1582 1483 1624 1506 20

194 1555 215 1585 4
235 1538 316 1578 fani
354 1551 603 1589 corrumpere
641 1545 806 1576 conatus
844 1544 956 1576 esset.
1022 1530 1239 1574 'accusatus
1284 1536 1361 1575 hoc
1399 1536 1563 1576 crimine

236 1603 493 1655 iudicumque
521 1603 725 1643 absolutus
755 1601 969 1650 sententiis,
996 1601 1274 1641 Orchomeniis
1304 1602 1445 1641 missus
1475 1602 1564 1642 sub-

195 1682 213 1715 5
237 1668 338 1708 sidio
364 1668 517 1708 occisus
543 1675 602 1708 est
624 1681 647 1706 a
670 1666 873 1707 Thebanis
901 1668 1008 1718 apud
1040 1666 1274 1706 Haliartum.
1333 1680 1452 1718 quam
1473 1681 1562 1707 vere

235 1735 287 1774 de
307 1747 355 1773 eo
375 1735 474 1773 foret
493 1732 722 1781 iudicatum,
745 1731 869 1771 oratio
890 1731 1038 1772 indicio
1058 1731 1140 1780 fuit,
1164 1746 1265 1783 quae
1285 1739 1374 1783 post
1394 1740 1561 1771 mortem

235 1798 274 1837 in
305 1800 427 1838 domo
451 1798 534 1838 eius
563 1806 715 1849 reperta
734 1806 803 1846 est,
826 1797 866 1836 in
896 1811 974 1849 qua
994 1798 1133 1838 suadet
1160 1797 1496 1846 Lacedaemoniis,
1518 1805 1562 1837 ut
1582 1812 1622 1846 25

235 1863 339 1914 regia
358 1871 551 1914 potestate
567 1863 758 1903 dissoluta
773 1877 820 1903 ex
840 1863 1025 1903 omnibus
1042 1865 1121 1904 dux
1136 1863 1327 1915 deligatur
1341 1864 1392 1903 ad
1413 1863 1560 1902 bellum

235 1929 463 1979 gerendum,
485 1930 556 1968 sed
576 1929 730 1979 scripta,
753 1936 796 1967 ut
820 1930 939 1968 deum
961 1929 1157 1969 videretur
1176 1942 1389 1980 congruere
1409 1936 1563 1968 senten-

237 1993 326 2041 tiae,
347 2007 465 2044 quam
494 1993 558 2032 ille
582 2007 623 2032 se
650 1993 876 2033 habiturum
902 1994 1070 2045 pecunia
1090 1995 1215 2034 fidens
1239 2007 1320 2032 non
1341 1992 1558 2032 dubitabat.

236 2059 339 2097 hanc
359 2057 395 2097 ei
415 2058 613 2109 scripsisse
636 2059 762 2098 Cleon
786 2058 1080 2098 Halicarnasius
1101 2059 1252 2098 dicitur.

189 2132 216 2170 4
291 2125 423 2174 Atque
451 2124 527 2162 hoc
557 2125 646 2162 loco
676 2137 755 2162 non
785 2131 843 2163 est
866 2126 1194 2174 praetereundum
1218 2125 1364 2163 factum
1394 2124 1561 2162 Pharna·
1581 2135 1621 2166 30

278 2238 298 2265 4
323 2237 390 2257 non
409 2226 484 2257 add.
505 2238 526 2258 u
543 2227 576 2256 in
595 2235 702 2267 marg.
795 2229 814 2258 8
838 2227 993 2258 lamnam
1014 2227 1170 2258 indicauit
1184 2238 1206 2258 u
1338 2238 1359 2267 9
1382 2227 1471 2258 illam
1489 2231 1557 2267 pot.

235 2269 308 2300 Pu:
335 2275 404 2309 pot.
420 2269 508 2300 illam
527 2270 611 2301 Leid.
628 2282 634 2301 :
659 2281 751 2301 suam
765 2276 832 2310 pot.
853 2271 975 2302 ABR:
999 2281 1092 2302 suam
1110 2276 1178 2311 pot.
1195 2271 1245 2301 sui
1259 2270 1318 2302 M:
1343 2271 1431 2301 illam
1449 2270 1561 2301 r‘nclus.

235 2313 344 2343 Halm
482 2323 518 2352 13
546 2314 745 2353 Delphicum
764 2313 870 2345 Roth:
898 2313 1021 2354 Delphi
1040 2314 1130 2345 Dan.
1150 2313 1344 2344 ABMPR:
1369 2313 1521 2354 Delphos
1538 2324 1560 2344 u

236 2365 277 2386 22
301 2355 526 2387 Orchemenis
555 2356 643 2387 Dan.
671 2356 807 2387 APBR
960 2366 999 2397 27
1023 2358 1084 2388 sed
1101 2357 1148 2388 sic
1164 2358 1290 2397 scripta
1311 2357 1475 2397 W⁶ff¹''¹³
1500 2358 1560 2388 sed

235 2399 359 2439 scripta
376 2399 421 2430 ita
440 2399 541 2430 Fleck.
631 2401 673 2430 28
696 2400 864 2431 dubitarat
874 2400 975 2431 Fleck.
1072 2411 1115 2440 29
1137 2401 1301 2432 alicarnas
1317 2400 1408 2432 Dan.
1428 2400 1562 2431 ABPR
