1746 2740
142 126 237 166 XII.
259 126 273 164 i
631 125 884 167 CORNELI
914 125 1155 167 NEPOTIS

191 256 206 278 2
227 239 389 279 Thebas
408 238 512 287 fecit,
529 252 620 278 cum
639 237 814 278 Boeotiis
829 237 1009 278 subsidio
1022 237 1202 278 venisset.
1258 251 1431 291 namque
1449 238 1491 279 in
1509 252 1560 280 eo

228 304 390 344 victoria
416 305 604 344 fidentem
635 316 834 343 summurn
864 304 1009 343 ducem
1040 303 1280 354 Agesilaum,
1309 303 1450 355 fugatis
1479 304 1558 344 iam

227 370 279 421 ab
299 383 348 410 eo
367 369 628 410 conducticiis
649 368 823 417 catervis,
848 384 867 405 *
884 382 903 404 *
922 383 942 406 *
961 382 979 404 *
1002 368 1192 420 reliquam
1214 370 1449 420 phalangem
1468 371 1560 409 loco

226 435 350 475 vetuit
369 436 510 475 cedere
530 435 757 486 obnixoque
774 427 880 486 'genu
901 442 1026 482 scut0‚
1041 434 1215 486 proiecta
1234 435 1347 474 hasta
1366 434 1559 487 impetum

227 501 406 553 excipere
444 500 618 540 hostium
653 499 800 540 docuit.
860 499 901 540 id
939 513 1088 540 novum
1126 499 1332 550 Agesilaus
1363 507 1559 540 contuens
1579 517 1596 549 5

227 566 409 617 progredi
439 579 520 605 non
547 572 606 605 est
633 578 752 605 ausus
776 578 949 616 suosque
978 564 1056 604 iam
1077 564 1320 605 incurrentes
1339 565 1435 605 tuba
1454 579 1561 606 revo-

191 643 209 674 3
229 631 340 670 cavit.
399 631 477 670 hoc
503 644 628 682 usque
654 643 703 670 eo
730 637 812 670 tota
833 629 999 670 Graecia
1026 631 1131 669 sama
1159 630 1399 670 celebratum
1425 637 1496 678 est,
1517 637 1561 670 ut

229 695 297 735 illo
325 702 428 735 statu
449 695 642 736 Chabrias
671 694 745 735 sibi
775 702 944 734 statuam
974 694 1056 734 fieri
1076 694 1253 743 voluerit,
1275 687 1379 746 quae
1400 694 1559 746 publice

229 761 264 800 ei
284 761 336 800 ab
355 760 666 801 Atheniensibus
693 760 733 799 in
762 762 848 800 foro
872 760 1085 800 constituta
1111 767 1179 799 est.
1238 773 1285 799 ex
1311 773 1392 811 quo
1411 761 1558 799 factum

230 833 288 865 est
322 833 364 865 ut
394 833 532 876 postea
559 826 730 864 athletae
761 824 959 876 ceterique
998 824 1166 864 artifices
1205 824 1284 863 suis
1318 824 1484 864 statibus
1516 826 1558 865 in
1582 840 1621 863 ιο

231 890 368 930 statuis
387 890 583 942 ponendis
604 897 815 938 uterentur,
838 903 929 929 cum
950 889 1152 929 victoriam
1174 897 1304 929 essent
1323 890 1467 941 adepti.

187 963 212 991 2
286 955 478 997 Chabrias
497 962 629 995 autem
651 957 773 994 multa
793 954 832 993 in
855 957 1014 1006 Europa
1034 955 1137 994 bella
1156 954 1451 1003 administravit,
1469 968 1560 994 cum

231 1022 311 1061 dux
341 1020 645 1061 Atheniensium
678 1027 805 1068 esset;
843 1019 884 1059 in
915 1022 1097 1071 Aegypto
1132 1033 1203 1059 sua
1235 1027 1376 1071 sponte
1413 1020 1560 1071 gessit:

232 1099 324 1125 nam
354 1085 604 1126 Nectenebin
637 1085 817 1125 adiutum
853 1086 1051 1136 profectus
1082 1098 1244 1135 regnum
1274 1084 1309 1124 ei
1342 1084 1556 1124 constituit.

197 1168 211 1191 2
232 1151 324 1190 fecit
355 1151 461 1191 idem
486 1150 619 1202 Cypri,
651 1151 734 1205 sed>
750 1150 908 1201 publice
939 1150 991 1189 ab
1014 1149 1325 1189 Atheniensibus
1356 1151 1560 1201 Euagorae
1583 1165 1594 1188 ι
1602 1166 1620 1198 5

232 1215 388 1255 adiutor
424 1217 551 1264 datus,
596 1229 727 1266 neque
771 1215 878 1267 prius
917 1214 1011 1255 inde
1048 1214 1238 1262 discessit,
1279 1228 1398 1266 quam
1436 1222 1559 1255 totam

232 1280 400 1320 insulam
430 1282 535 1321 bello
564 1280 812 1321 devinceret:
842 1293 920 1331 qua
946 1294 993 1319 ex
1018 1293 1059 1319 re
1083 1279 1347 1319 Athenienses
1377 1293 1560 1332 magnam

196 1361 214 1393 3
232 1345 395 1397 gloriam
434 1353 525 1385 sunt
561 1345 705 1397 adepti.
764 1345 919 1384 interim
953 1346 1100 1384 bellurn
1132 1344 1232 1384 inter
1269 1344 1483 1396 Aegyptios
1521 1352 1560 1384 et

235 1412 372 1450 Persas
405 1411 619 1450 conflatum
653 1417 723 1450 est.
781 1409 1045 1449 Athenienses
1075 1423 1166 1449 cum
1198 1411 1410 1449 Artaxerxe
1439 1409 1560 1449 socie-

233 1482 355 1515 tatem
388 1476 599 1523 habebant,
636 1474 942 1515 Lacedaemonii
974 1488 1064 1513 cum
1103 1474 1316 1526 Aegyptiis,
1355 1488 1379 1514 a
1415 1474 1560 1526 quibus
1581 1490 1623 1514 20

235 1553 396 1592 magnas
416 1541 580 1591 praedas
600 1539 816 1591 Agesilaus,
840 1553 906 1578 rex
931 1552 1080 1587 eorum,
1102 1539 1280 1579 faciebat.
1339 1538 1380 1579 id
1404 1538 1560 1579 intuens

236 1604 439 1654 Chabrias,
468 1618 559 1644 curn
583 1605 624 1644 in
650 1618 690 1644 re
711 1606 818 1644 nulla
838 1604 1023 1656 Agesilao
1046 1606 1215 1653 cederet,
1238 1617 1308 1643 sua
1331 1611 1472 1655 sponte
1491 1617 1561 1644 eos

236 1670 415 1711 adiutum
454 1672 652 1722 profectus
690 1670 907 1722 Aegyptiae
945 1670 1060 1710 classi
1098 1669 1275 1722 praefuit,
1316 1668 1562 1721 pedestribus

238 1736 362 1788 copiis
382 1736 597 1787 Agesilaus.

195 1809 219 1846 3
291 1803 397 1840 Tum
435 1800 620 1852 praefecti
657 1800 757 1852 regis
796 1803 937 1842 Persae
973 1803 1122 1853 legatos
1160 1799 1349 1841 miserunt
1385 1801 1563 1839 Athenas
1583 1814 1622 1847 25

238 1873 433 1917 questum,
464 1867 573 1916 quod
603 1866 795 1906 Chabrias
827 1869 1035 1907 adversum
1070 1866 1382 1917 regemrbellum
1415 1871 1585 1915 gereret.

236 1943 327 1970 cum
357 1930 569 1981 Aegyptiis.
631 1932 894 1971 Athenienses
924 1932 1030 1971 diem
1059 1939 1205 1971 certam
1235 1929 1430 1971 Chabriae
1458 1942 1565 1981 prae-

237 1995 455 2043 stituerunt,
479 2008 598 2046 quam
626 2004 718 2036 ante
743 1998 907 2037 domurn
935 1996 1009 2036 nisi
1037 1995 1215 2044 redisset,
1234 1995 1372 2046 capitis
1392 2007 1434 2034 se
1453 1994 1563 2033 illum

281 2110 301 2131 2
325 2100 452 2131 fidente
469 2110 600 2132 summo
624 2101 711 2132 duce
737 2100 899 2140 Agesilao
922 2099 1042 2131 Lamb.
1177 2110 1197 2139 3
1217 2102 1292 2140 post
1306 2099 1450 2130 cateruis
1469 2098 1564 2129 inter·

237 2143 346 2174 cidisse
371 2143 508 2175 uerbum
533 2144 717 2176 retardauit
743 2147 844 2175 censet
868 2143 965 2183 Roth,
996 2153 1037 2174 eo
1062 2142 1240 2174 frustratus
1263 2148 1326 2181 est,
1343 2142 1432 2182 quod
1460 2141 1560 2174 Fleck-

240 2197 280 2218 ιο
302 2187 372 2218 suis
399 2186 616 2219 MacMichael
638 2191 668 2219 et
691 2187 846 2220 Rubner:
883 2187 924 2219 iis
947 2186 1034 2219 codd.
1122 2185 1264 2217 statibus
1289 2185 1375 2217 Mu:
1398 2185 1565 2217 stantibus

236 2229 327 2262 Dan.
346 2233 375 2262 et
390 2231 456 2262 rell.
593 2231 627 2262 in
654 2230 729 2263 add.
759 2242 781 2262 u
925 2240 960 2261 11
987 2239 1060 2261 cum
1076 2228 1191 2262 codd.:
1214 2228 1409 2269 quibuscum
1432 2227 1565 2269 Bergk:

238 2274 407 2313 quomodo
439 2274 602 2315 Scluffir:
645 2274 679 2305 in
703 2274 825 2314 quibus
848 2273 1038 2304 Puteanus:
1072 2272 1229 2304 lacunam
1255 2275 1331 2303 ante
1352 2282 1427 2303 cum
1450 2271 1567 2303 statuit

239 2316 361 2348 Bosius
522 2328 559 2356 ¹4
585 2317 795 2349 Nectenebin
827 2317 949 2358 Nipp.:
989 2316 1201 2348 Nectebenin
1232 2314 1323 2347 Dan.
1358 2315 1429 2346 ΑΡ
1523 2324 1564 2354 27

239 2361 508 2400 praestituerunt
526 2360 598 2392 MR
614 2372 621 2391 :
647 2365 759 2392 -erunt
776 2359 864 2391 Dan.
883 2363 911 2391 e!
926 2359 988 2392 rell.
