1746 2740
746 142 1009 186 PHOCION
1460 142 1574 182 XIX.
1595 141 1627 180 ii

207 265 381 298 armatus
418 257 692 306 concurrisset,
727 257 794 297 ille
830 270 913 297 non
951 257 1074 298 modo
1112 256 1315 296 neminem
1352 256 1403 295 ad
1434 269 1543 295 arma

207 323 376 373 vocavit,
396 324 468 364 sed
496 337 547 363 ne
571 322 731 363 armatis
757 322 920 374 quidem
949 335 1131 374 praeesse
1154 321 1288 361 voluit.
1347 320 1432 360 sine
1461 334 1542 371 quo

208 390 391 429 Athenae
410 389 576 429 omnino
595 402 683 429 esse
701 402 784 428 non
803 395 981 440 possunt.

263 456 386 494 Erant
414 468 464 495 eo
491 462 671 506 tempore
699 454 883 494 Athenis·
899 455 1002 494 duae
1030 453 1235 503 factiones,
1267 466 1433 505 quarum
1462 465 1543 491 una
1561 457 1587 495 3

170 534 187 567 5
208 520 346 571 populi
383 533 543 560 causam
580 520 734 572 agebat,
773 521 896 559 altera
932 518 1196 571 optimatium.
1269 518 1311 558 in
1347 519 1423 558 hac
1460 524 1543 557 erat

210 584 390 624 Phocion
423 593 462 625 et
494 584 720 626 Demetrius
759 586 981 624 Phalereus.
1040 585 1180 624 harum
1213 591 1380 635 utraque
1410 585 1544 622 Mace-

209 651 362 690 donum
390 650 617 701 patrociniis
646 650 854 690 utebatur:
892 663 985 689 nam
1005 651 1215 702 populares
1236 648 1543 701 Polyperchonti

209 716 405 764 favebant,
445 716 657 768 optimates
690 730 782 756 cum
815 717 1042 757 Cassandro
1080 715 1314 755 sentiebant.
1385 714 1542 754 interim
1565 731 1580 754 2

209 794 234 820 a
262 782 579 833 Polyperchonte
608 782 857 822 Cassandrus
887 780 1130 834 Macedonia
1162 782 1299 833 pulsus
1332 788 1403 820 est.
1461 793 1543 831 quo

153 859 194 883 10
211 847 315 886 facto
343 848 514 898 populus
542 846 720 898 superior
747 848 874 886 factus
903 846 1036 886 statim
1064 847 1188 886 duces
1216 845 1463 886 adversariae
1490 846 1543 884 fa-

209 911 352 952 ctionis
375 911 513 963 capitis
536 913 746 951 damnatos
770 911 897 964 patria
924 911 1108 963 propulit,
1134 911 1175 950 in
1204 911 1266 951 his
1295 910 1542 951 Phocionem

209 984 248 1016 et
279 977 526 1017 Demetrium
556 979 804 1026 Phalereum,
826 979 958 1029 deque
978 991 1026 1017 ea
1051 991 1093 1017 re
1113 978 1263 1029 legatos
1282 978 1335 1017 ad
1362 978 1544 1028 Polyper-

209 1043 397 1082 chontem
435 1042 551 1091 misit,
587 1042 656 1094 qui
693 1043 745 1082 ab
783 1057 832 1083 eo
869 1050 1049 1094 peterent
1081 1050 1125 1082 ut
1158 1056 1230 1082 sua
1262 1044 1422 1083 decreta
1451 1056 1544 1083 con-

209 1108 389 1147 firmaret.
447 1109 526 1147 huc
546 1109 689 1148 eodem
709 1110 909 1160 profectus
928 1115 988 1148 est
1008 1108 1202 1148 Phocion.
1257 1122 1339 1159 quo
1358 1115 1402 1147 ut
1421 1108 1540 1156 venit,
1563 1119 1582 1153 3

155 1184 191 1216 15
209 1186 368 1212 causam
388 1174 496 1224 apud
524 1171 751 1224 Philippum
779 1187 911 1225 regem
930 1173 1064 1221 verbo,
1086 1187 1127 1213 re
1146 1173 1232 1224 ipsa
1251 1173 1415 1225 quidem
1434 1174 1543 1224 apud

211 1238 566 1289 Polyperchontem
600 1237 729 1278 iussus
762 1246 822 1278 est
854 1238 1011 1278 dicere:
1050 1252 1224 1290 namque
1256 1237 1290 1278 is
1323 1245 1408 1278 tum
1442 1237 1543 1289 regis

209 1302 326 1342 rebus
354 1310 540 1354 praeerat.
599 1302 664 1342 hic
692 1303 744 1342 ab
773 1305 944 1354 Agnone
971 1311 1192 1352 accusatus,
1220 1304 1330 1355 quod
1361 1303 1542 1343 Piraeum
1562 1317 1584 1349 4

209 1367 398 1407 Nicanori
418 1367 668 1419 prodidisset,
689 1381 738 1408 ex
757 1367 911 1408 consilii
931 1367 1129 1408 sententia
1147 1368 1187 1407 in
1207 1367 1432 1408 custodiam
1451 1382 1545 1408 con-

208 1432 333 1472 iectus
366 1434 545 1473 Athenas
577 1434 775 1474 deductus
808 1441 878 1482 est,
914 1441 958 1474 ut
990 1433 1046 1474 ibi
1079 1435 1132 1474 de
1164 1447 1214 1474 eo
1246 1433 1400 1485 legibus
1433 1434 1543 1474 fieret

150 1511 190 1533 ²0
207 1497 410 1538 iudicium.

262 1565 357 1603 Huc
377 1571 420 1603 ut
439 1572 672 1615 perventum
692 1573 762 1614 est,
784 1579 876 1605 curn
897 1572 1057 1617 propter
1075 1572 1245 1606 aetatem
1269 1564 1441 1617 pedibus
1460 1564 1539 1604 iam
1559 1571 1587 1610 4

207 1643 289 1669 non
317 1631 462 1670 valeret
489 1630 752 1682 vehiculoque
780 1639 1011 1683 portaretur,
1040 1631 1173 1683 magni
1201 1645 1417 1671 concursus
1448 1639 1541 1670 sunt

207 1694 309 1743 facti,
331 1708 423 1735 cum
451 1694 527 1744 alii,
553 1695 850 1736 reminiscentes
878 1697 1019 1736 veteris
1048 1698 1187 1745 famae,
1218 1696 1357 1736 aetatis
1386 1696 1541 1736 misere-

207 1767 349 1808 rentur,
382 1760 540 1811 plurimi
571 1775 664 1800 vero
701 1761 757 1800 ira
790 1769 1073 1801 exacuerentur
1109 1769 1269 1813 propter
1306 1761 1541 1813 proditionis

151 1835 190 1870 25
207 1824 472 1876 suspicionem
501 1825 627 1865 Piraei
653 1826 902 1878 maximeque
929 1828 1038 1878 quod
1061 1827 1248 1866 adversus
1274 1825 1412 1878 populi
1435 1839 1541 1866 com-

207 1891 327 1930 moda
346 1890 387 1929 in
410 1898 613 1930 senectute
636 1899 805 1931 steterat.
865 1905 985 1942 quare
1004 1905 1055 1931 ne
1081 1891 1290 1943 perorandi
1316 1891 1479 1942 quidem
1503 1890 1539 1931 ei
1561 1905 1578 1928 2

206 1956 299 1995 data
323 1963 382 1995 est
405 1956 570 1995 facultas
593 1963 632 1995 et
658 1955 819 1995 dicendi
845 1969 1015 1995 causam.
1075 1956 1168 1996 inde
1188 1955 1336 1996 iudicio
1355 1956 1539 2008 legitimis

206 2020 446 2071 quibusdam
479 2021 670 2060 confectis
702 2022 915 2061 damnatus
946 2021 1111 2061 traditus
1149 2029 1207 2061 est
1245 2021 1536 2070 undecimviris,

207 2085 351 2136 quibus
375 2086 427 2125 ad
454 2085 691 2137 supplicium
716 2100 825 2126 more
852 2086 1155 2126 Atheniensium
1183 2086 1341 2137 publice
1360 2087 1538 2126 damnati

149 2162 190 2194 30
208 2149 308 2190 tradi
328 2151 466 2190 solent.
525 2150 590 2190 hic
609 2164 701 2190 cum
720 2152 772 2190 ad
797 2159 964 2191 mortem
991 2153 1211 2199 duceretur,
1233 2151 1373 2190 obvius
1403 2151 1439 2191 ei
1465 2152 1538 2192 suit
1557 2162 1577 2194 3

251 2263 281 2294 2,
295 2263 316 2293 3
332 2253 408 2286 sine
418 2264 484 2294 quo
499 2278 507 2286 .
524 2278 531 2285 .
552 2278 559 2286 .
577 2259 719 2294 possunt
729 2254 837 2286 seclus.
851 2254 964 2287 Brenn
980 2267 988 2286 τ
1007 2259 1082 2297 post
1094 2255 1214 2286 Piraeo
1224 2259 1349 2297 transp.
1363 2255 1538 2288 Db'derlein

211 2307 249 2336 14
273 2298 338 2329 huc
365 2295 509 2330 Lama:
543 2298 607 2330 hoc
632 2297 720 2329 codd.
901 2309 936 2338 17
962 2299 1015 2330 hic
1041 2309 1115 2330 cum
1141 2300 1183 2330 ab
1205 2299 1236 2331 ς’
1358 2304 1538 2332 accusatus

207 2346 299 2372 esset
317 2346 385 2381 gest
410 2340 464 2380 M)
492 2339 554 2372 Mu
699 2351 737 2372 21
765 2346 801 2373 ut
825 2352 891 2373 om.
916 2342 1007 2373 AB:
1044 2342 1098 2374 ubi
1129 2342 1170 2373 M
1298 2344 1340 2374 26
1362 2353 1468 2383 quare
1493 2353 1538 2375 ne

208 2383 301 2424 Nipp.
321 2395 327 2414 :
352 2394 419 2424 quo
435 2385 562 2416 harene
579 2384 664 2418 AP:
689 2395 755 2426 qua
772 2386 813 2416 de
830 2395 866 2416 rc
883 2396 925 2417 ne
939 2386 1006 2417 rcll.
1116 2396 1157 2426 27
1183 2396 1316 2418 causam
1335 2386 1369 2417 in
1387 2386 1510 2419 iudicio
1528 2398 1536 2420 x

208 2425 366 2465 legitimis
382 2427 479 2468 Nr'pp.
1473 2442 1477 2443 ⁷
