1746 2740
157 129 270 169 XIV.
291 128 341 168 xi
480 176 485 179 ,
643 130 896 170 CORNELI
925 129 1166 169 NEPOTIS

242 239 507 290 Mithridates,
529 240 757 292 priusquam
784 241 836 280 ad
862 253 955 280 suos
981 229 1211 291 perveniret,
1233 253 1284 280 ne
1303 253 1423 291 quam
1447 240 1570 291 suspi-

242 305 399 345 cionem
428 313 591 358 pareret,
612 305 654 345 in
679 306 852 345 eundem
879 306 1012 344 locum
1039 305 1242 345 revertitur
1265 313 1386 358 atque
1411 305 1479 354 ibi,
1500 304 1570 346 ubi

242 372 363 410 telum
393 379 475 411 erat
503 378 716 423 repostum,
747 370 904 419 insedit,
935 378 978 410 ut
1006 370 1038 410 si
1067 370 1299 411 lassitudine
1324 378 1486 423 cuperet
1509 384 1570 410 ac-

242 435 459 486 quiescere,
498 438 777 487 Datamenque
818 434 1025 484 revocavit,
1068 435 1257 476 simulans
1298 450 1341 476 se
1377 435 1570 488 quiddam

204 514 225 544 4
241 500 283 540 in
313 501 518 552 colloquio
550 515 637 541 esse
669 500 849 542 oblitum.
908 500 1064 541 interim
1098 503 1233 551 telum,
1263 503 1372 553 quod
1410 501 1568 549 latebat,
1587 516 1608 549 5

242 565 404 617 protulit
429 567 705 617 nudatumque
723 565 864 617 vagina
882 573 991 606 veste
1018 565 1113 606 texit
1137 580 1185 606 ac
1214 565 1375 606 Datami
1397 565 1571 606 venienti

197 622 205 629 ¹
241 629 307 678 ait,
321 630 609 681 digredientem
624 645 667 670 se
680 630 1004 670 animadvertisse
1022 632 1154 670 locum
1176 632 1390 682 quendam,
1406 631 1475 683 qui
1489 639 1572 671 erat

205 711 224 743 5
242 695 283 734 in
302 704 530 747 conspectu,
551 697 605 736 ad
623 704 750 736 castra
768 697 956 747 ponenda
975 709 1062 736 esse
1080 695 1281 736 idoneum.
1339 710 1459 747 quem
1478 709 1571 736 cum

242 759 367 812 digito
395 762 683 801 demonstraret
711 768 750 801 et
778 760 844 801 ille
872 760 1093 813 respiceret,
1120 774 1301 800 aversum
1325 762 1427 800 ferro
1452 767 1572 800 trans-

242 825 326 865 fixit
347 825 548 878 priusque,
567 840 687 878 quam
714 826 923 877 quisquam
950 834 1084 878 posset
1106 839 1342 874 succurrere,
1364 825 1568 865 interfecit.

242 891 297 931 ita
324 890 389 931 ille
411 891 479 940 vir,
501 891 569 943 qui
598 893 744 931 multos
772 890 950 940 consilio,
978 890 1180 931 neminem
1208 890 1374 943 perfidia
1401 898 1568 943 ceperat,

242 955 425 996 simulata
443 965 582 1008 captus
601 964 661 996 est
679 956 863 996 amicitia.

205 1094 225 1123 1
287 1084 621 1132 ,EPAMINONDAQ
644 1082 827 1135 Polymni
853 1082 968 1132 filius,
989 1083 1220 1123 Thebanus.
1277 1083 1329 1123 de
1348 1083 1426 1122 hoc
1451 1081 1572 1134 prius-

243 1162 363 1199 quam
392 1148 610 1197 scribimus,
638 1150 737 1189 haec
765 1148 1044 1201 praecipienda
1061 1147 1244 1189 videntur
1271 1147 1498 1196 lectoribus,
1520 1161 1571 1186 ne

242 1212 393 1253 alienos
422 1227 550 1253 mores
576 1215 630 1254 ad
659 1227 751 1254 suos
779 1215 959 1262 referant,
981 1227 1079 1253 neve
1102 1227 1161 1262 ea,
1181 1227 1283 1264 quae
1308 1212 1403 1264 ipsis
1421 1211 1571 1252 ‘leviora

208 1295 224 1318 2
245 1285 346 1326 sunt,
377 1278 460 1329 pari
489 1280 612 1319 modo
639 1279 748 1329 apud
780 1286 931 1318 ceteros
965 1278 1084 1318 fuisse
1115 1277 1360 1317 arbitrentur.
1423 1277 1571 1317 scimus

242 1342 350 1381 enim
380 1342 557 1383 musicen
585 1343 728 1384 nostris
757 1342 932 1383 moribus
959 1344 1099 1382 abesse
1126 1356 1150 1381 a
1175 1342 1362 1394 principis
1389 1356 1568 1394 persona,

232 1410 383 1448 *saltare
402 1423 495 1449 vero
514 1409 633 1449 etiarn
659 1409 700 1448 in
718 1408 822 1448 vitiis
841 1409 960 1460 poni:
990 1422 1091 1459 quae
1111 1408 1245 1448 omnia
1268 1409 1377 1459 apud
1397 1409 1571 1448 Graecos

207 1488 226 1519 3
244 1481 283 1521 et
309 1481 418 1525 grata
445 1482 484 1513 et
512 1475 629 1514 laude
657 1474 778 1525 digna
805 1475 1013 1514 ducuntur.
1072 1487 1164 1513 cum
1192 1482 1326 1514 autem
1354 1473 1570 1525 exprimere

244 1538 456 1590 imaginem
482 1538 781 1579 consuetudinis
805 1546 925 1590 atque
945 1539 1047 1579 vitae
1066 1539 1231 1579 velimus
1253 1538 1569 1590 Epaminondae,

182 1635 184 1637 .
243 1603 341 1643 nihil
361 1603 540 1643 videmur
558 1604 704 1643 debere
723 1603 1041 1655 praetermittere,
1062 1605 1173 1655 quod
1198 1603 1390 1655 pertineat
1409 1604 1461 1643 ad
1481 1617 1568 1643 eam

205 1683 226 1714 4
243 1669 531 1709 declarandam.
609 1682 729 1720 quare
770 1668 949 1709 dicemus
990 1669 1160 1721 primum
1201 1671 1253 1710 de
1293 1683 1435 1721 genere
1471 1669 1567 1717 eius,

242 1733 389 1773 deinde
418 1733 562 1785 quibus
590 1733 809 1784 disciplinis
837 1742 876 1773 et
898 1748 923 1773 a
945 1734 1089 1786 quibus
1118 1734 1167 1774 sit
1196 1734 1383 1783 eruditus,
1405 1742 1489 1774 tum
1517 1735 1570 1775 de

242 1797 418 1838 moribus
455 1797 681 1849 ingeniique
718 1798 969 1839 facultatibus
1006 1806 1045 1839 et
1081 1799 1114 1838 si
1152 1813 1230 1851 qua
1266 1798 1343 1838 alia
1378 1798 1568 1838 memoria

242 1862 361 1913 digna
398 1870 522 1911 erunt,
557 1870 758 1913 postremo
794 1865 846 1903 de
883 1864 1001 1904 rebus
1036 1863 1165 1916 gestis,
1201 1877 1303 1916 quae
1334 1877 1359 1904 a
1390 1863 1567 1916 plurimis

240 1927 362 1967 animi
390 1936 684 1979 anteponuntur
711 1929 929 1969 virtutibus.

198 2002 224 2030 2
271 1986 275 1989 ’
297 1994 423 2032 Natus
453 1992 567 2044 igitur
594 2001 714 2045 patre,
737 2007 818 2046 quo
843 1994 1024 2043 diximus,
1045 2009 1188 2047 genere
1213 1996 1393 2042 honesto,
1418 2008 1567 2046 pauper

241 2057 318 2097 iarn
338 2071 362 2097 a
382 2057 594 2098 maioribus
620 2058 788 2107 relictus,
810 2059 986 2099 eruditus
1011 2068 1144 2100 autem
1169 2059 1224 2099 sic
1251 2068 1294 2099 ut
1318 2073 1438 2099 nemo
1463 2061 1567 2099 The-

240 2123 367 2162 banus
396 2122 531 2174 magis.
587 2137 679 2162 narn
707 2131 746 2163 et
772 2123 995 2164 citharizare
1015 2132 1054 2164 et
1077 2132 1234 2164 cantare
1253 2126 1306 2164 ad
1329 2126 1564 2164 chordarum

283 2237 304 2267 3
329 2232 501 2268 repostum
519 2227 642 2260 insedit
661 2228 742 2260 Can.
760 2240 767 2260 :
792 2229 973 2270 impostum
990 2239 1056 2262 res.
1077 2228 1168 2260 Dan.
1179 2227 1269 2260 AP:
1293 2229 1487 2270 impositum
1497 2239 1564 2261 res.

238 2271 329 2304 relL:
353 2270 515 2303 infossum
531 2282 596 2303 res.
615 2270 806 2313 Heusinger
953 2283 975 2312 9
997 2273 1253 2312 conspiceret&-
1399 2283 1439 2312 13
1465 2272 1563 2312 Poly—

239 2314 361 2346 mnidis
387 2314 476 2347 codd.
601 2325 639 2354 14
662 2315 839 2347 scribimus
863 2315 951 2346 AP:
988 2315 1174 2348 scribamus
1206 2316 1269 2348 rell.
1396 2317 1440 2346 26
1461 2315 1563 2346 animi

231 2357 348 2389 ·Koene
362 2368 369 2388 ε
392 2358 542 2389 omnium
559 2358 647 2390 codd.
782 2369 824 2399 27
848 2363 900 2390 est
909 2362 988 2400 post
1001 2364 1102 2391 natus
1116 2358 1191 2391 add.
1209 2358 1319 2402 Nipp„
1334 2362 1410 2401 post
1425 2358 1564 2391 relictus

238 2397 360 2440 Halm,
370 2405 447 2442 post
464 2401 512 2434 sic
527 2400 630 2433 Fleck.

1591 840 1633 864 10

1593 1229 1630 1263 ¹⁵

1590 1557 1630 1580 20

1587 1881 1626 1915 ²5
