1746 2740
678 133 985 172 PAVSANIAS
1034 140 1037 143 “
1448 132 1518 171 IV.
1538 131 1585 170 iii

160 244 318 295 ephoris
342 243 382 283 in
406 244 537 284 vincla
559 244 721 296 publica
750 253 810 285 est
836 245 1066 285 coniectus:
1096 245 1188 284 licet
1213 244 1321 284 enim
1347 244 1499 295 legibus

159 322 296 349 eorum
335 309 458 349 cuivis
501 311 653 361 ephoro
695 311 774 349 hoc
816 311 945 350 facere
982 309 1073 361 regi.
1146 309 1241 349 hinc
1279 317 1414 349 tamen
1457 323 1500 348 se

159 373 370 425 expedivit,
395 388 526 426 neque
551 388 601 415 eo
627 374 751 426 magis
778 375 937 414 carebat
963 374 1214 426 suspicione:
1245 388 1338 414 nam
1363 373 1499 426 opinio

159 439 345 479 manebat
379 453 471 479 eum
516 453 609 479 cum
647 454 738 492 rege
780 440 927 480 habere
965 439 1207 480 societatem.
1277 447 1337 480 est
1373 453 1498 491 genus
1517 447 1537 480 6

121 522 139 554 5
159 506 364 556 quoddam
391 504 612 553 hominum,
638 507 748 556 quod
777 505 941 545 Hilotae
964 514 1138 554 vocatur,
1161 518 1331 556 quorum
1355 518 1498 556 magna

159 570 372 610 multitudo
398 584 512 622 agros
540 570 951 610 Lacedaemoniorum
978 570 1074 610 colit
1107 584 1389 621 servorumque
1415 584 1500 609 mu-

158 649 251 675 nere
277 635 459 686 fungitur.
519 637 592 675 hos
621 650 782 688 quoque
817 636 1025 676 sollicitare
1054 650 1124 688 spe
1153 636 1343 676 libertatis
1372 636 1499 676 existi-

160 701 350 740 mabatur.
420 702 491 741 sed
525 702 635 753 quod
673 703 814 741 harum
851 715 981 741 rerum
1019 703 1173 741 nullum
1203 709 1286 741 erat
1315 710 1535 753 apertum?

159 767 318 815 crimen,
352 781 433 819 quo
470 768 579 819 argui
617 776 762 819 posset,
803 781 884 808 non
922 768 1117 819 putabant
1149 769 1200 808 de
1238 767 1306 807 tali
1336 775 1498 819 tamque

103 850 142 874 10
159 834 265 872 claro
288 833 371 873 viro
399 833 692 884 suspicionibus
716 841 898 886 oportere
924 833 1089 874 iudicari
1109 841 1147 874 et
1171 834 1493 886 exspectandum,

159 901 256 939 dum
275 913 318 939 se
336 899 422 951 ipsa
441 913 502 939 res
521 900 698 952 aperiret.

215 965 378 1004 Interim
409 965 581 1017 Argilius
610 966 773 1018 quidam
804 967 1139 1015 adulescentulus,
1174 980 1294 1017 quem
1325 979 1492 1018 puerum
1510 974 1539 1014 4

161 1030 374 1069 Pausanias
397 1045 532 1071 amore
551 1032 712 1072 venerio
736 1032 935 1080 dilexerat,
958 1031 1280 1083 cum'epistulam
1303 1032 1355 1070 ab
1375 1044 1424 1070 eo
1443 1032 1495 1070 ad

160 1096 398 1135 Artabazum
423 1097 640 1148 accepisset
664 1097 780 1149 eique
800 1098 841 1136 in
861 1097 1130 1148 suspicionem
1154 1097 1326 1136 venisset
1344 1096 1496 1148 aliquid

105 1177 114 1198 ι
123 1177 140 1209 5
161 1160 200 1200 in
228 1175 274 1200 ea
300 1162 350 1200 de
379 1175 421 1201 se
447 1176 534 1202 esse
560 1163 760 1214 scriptum,
783 1164 893 1214 quod
917 1176 1037 1203 nemo
1063 1176 1200 1202 eorum
1227 1162 1402 1210 redisset,
1429 1162 1496 1214 qui

161 1241 278 1278 super
301 1227 368 1266 tali
388 1242 507 1268 causa
534 1231 678 1269 eodem
705 1229 814 1268 missi
841 1237 962 1277 erant,
985 1229 1116 1268 vincla
1138 1229 1330 1280 epistulae
1355 1228 1497 1268 laxavit

161 1292 352 1343 signoque
378 1295 556 1333 detracto
585 1295 782 1346 cognovit,
809 1294 841 1334 si
869 1294 1103 1346 pertulisset,
1125 1294 1201 1334 sibi
1225 1307 1311 1334 esse
1334 1308 1497 1345 pereun-

159 1358 267 1397 dum.
325 1366 435 1398 erant
473 1359 513 1397 in
547 1361 688 1400 eadem
719 1359 887 1411 epistula
925 1373 1027 1411 quae
1059 1360 1113 1399 ad
1150 1373 1196 1400 ea
1234 1358 1493 1411 pertinebant,
1519 1377 1533 1399 2

159 1437 261 1475 quae
299 1423 399 1464 inter
436 1438 567 1477 regem
611 1425 931 1477 Pausaniamque
973 1432 1251 1465 convenerant.
1323 1426 1394 1465 has
1432 1425 1497 1465 ille

100 1503 142 1526 ιο
158 1488 304 1528 litteras
342 1490 500 1541 ephoris
538 1491 708 1531 tradidit.
782 1505 863 1531 non
902 1498 962 1530 est
1003 1492 1290 1543 praetereunda
1330 1490 1496 1542 gravitas
1516 1499 1535 1531 3

159 1555 567 1595 Lacedaemoniorum
588 1557 665 1596 hoc
685 1557 786 1596 loco.
844 1569 938 1595 nam
958 1570 1009 1595 ne
1029 1556 1145 1595 huius
1165 1555 1329 1608 quidem
1348 1555 1498 1595 indicio

158 1619 316 1671 impulsi
347 1630 438 1661 sunt
467 1630 510 1661 ut
540 1622 777 1662 Pausaniam
807 1622 1202 1673 comprehenderent,
1231 1635 1362 1672 neque
1390 1621 1496 1673 prius

158 1685 238 1724 vim
284 1687 555 1727 adhibendam
603 1696 851 1739 putaverunt,
895 1701 1017 1738 quam
1060 1701 1102 1726 se
1144 1687 1228 1738 ipse
1270 1686 1494 1727 indicasset.

160 1750 293 1802 itaque
316 1752 408 1791 huic
434 1753 690 1804 indici,'quid
716 1753 797 1792 fieri
822 1754 979 1800 vellent,
1005 1759 1301 1804 praeceperunt.
1360 1754 1495 1792 sanum
1516 1768 1535 1798 4

101 1830 141 1862 ²5
162 1817 339 1867 Neptuni
364 1826 422 1857 est
442 1819 621 1866 Taenari,
645 1820 754 1869 quod
778 1818 913 1858 violari
938 1820 1048 1858 nefas
1071 1825 1212 1869 putant
1237 1817 1388 1857 Graeci.
1447 1832 1496 1858 eo

162 1881 225 1921 ille
253 1882 371 1921 index
399 1884 575 1934 confugit
600 1883 640 1922 in
666 1897 812 1934 araque
843 1883 1035 1923 consedit.
1095 1884 1198 1923 hanc
1227 1883 1333 1922 iuxta
1362 1885 1494 1923 locum

160 1948 336 1987 fecerunt
374 1948 448 1987 sub
488 1956 600 1996 terra,
640 1963 687 1988 ex
730 1963 810 1999 quo
849 1956 982 2000 posset
1020 1947 1158 1996 audiri,
1199 1948 1231 1987 si
1271 1947 1359 1999 quis
1398 1948 1495 1999 quid

159 2012 384 2062 loqueretur
408 2027 498 2053 cum
523 2013 684 2065 Argilio.
744 2015 822 2053 huc
842 2028 889 2053 ex
913 2013 1071 2064 ephoris
1095 2013 1258 2064 quidam
1279 2014 1494 2054 descende-

158 2086 259 2117 runt.
322 2078 547 2127 Pausanias,
577 2087 620 2118 ut
648 2079 797 2119 audivit
828 2079 1020 2130 Argilium
1052 2078 1275 2129 confugisse
1305 2078 1344 2117 in
1373 2092 1492 2127 aram,
1516 2092 1533 2124 5

100 2160 142 2192 30
158 2144 406 2194 perturbatus
440 2144 547 2184 venit
580 2158 639 2184 eo.
699 2158 818 2195 quem
857 2158 949 2184 cum
983 2145 1203 2196 supplicem
1242 2144 1308 2184 dei
1345 2144 1495 2183 videret

158 2208 198 2247 in
235 2222 302 2248 ara
339 2211 556 2258 sedentem,
592 2212 755 2261 quaerit,
792 2224 933 2250 causae
967 2210 1063 2261 'quid
1102 2210 1152 2250 sit
1185 2218 1264 2249 tam
1300 2210 1493 2261 repentini

158 2274 322 2314 consilii.
394 2275 486 2315 huic
529 2276 604 2324 ille,
644 2276 742 2327 quid
780 2290 826 2315 ex
869 2275 1005 2315 litteris
1048 2276 1315 2326 comperisset,
1355 2275 1491 2327 aperit.

202 2388 221 2417 5
246 2378 360 2410 illotae
389 2379 454 2420 (ηδ
480 2379 572 2413 Dan.
599 2380 743 2412 ABPM
885 2389 927 2419 23
953 2380 1135 2412 iudicasset
1159 2378 1256 2412 Dan.
1281 2379 1316 2411 A
1450 2381 1493 2412 26

158 2419 261 2452 index
284 2422 395 2454 inclus.
422 2422 622 2465 Heerwagen
711 2423 852 2465 araque]
877 2433 935 2454 ara
951 2424 982 2455 ς’
1084 2433 1122 2463 31
1148 2423 1330 2464 repentino
1346 2423 1492 2455 consilio

159 2474 231 2496 παν.
248 2465 310 2497 lect.
329 2465 363 2497 in
380 2466 470 2499 Dan.
487 2468 547 2498 Au
1366 2468 1404 2499 2*
