1746 2740
719 198 729 206 ,
749 148 947 190 CONON
1490 147 1562 186 1x.
1583 145 1599 184 ι

229 261 385 301 CONON
415 260 670 301 Atheniensis
700 260 995 313 Peloponnesio
1024 260 1131 300 bello
1158 258 1325 300 accessit
1352 259 1404 299 ad
1430 271 1513 298 rem
1532 270 1551 298 1

175 324 388 377 publicam,
406 324 446 364 in
462 339 591 377 eoque
606 325 691 366 eius
707 339 827 377 opera
842 324 974 377 magni
990 324 1075 364 fuit.
1116 337 1208 363 nam
1225 330 1265 364 et
1280 330 1435 375 praetor
1449 335 1514 374 pe-

175 388 372 429 destribus
391 389 626 429 exercitibus
642 390 809 441 praefuit
828 397 868 429 et
883 390 1104 441 praefectus
1119 387 1255 428 classis
1270 401 1331 427 res
1352 399 1514 437 magnas

176 453 272 493 mari
300 454 431 506 gessit.
489 468 587 506 quas
616 455 670 495 ob
698 468 837 495 causas
867 453 1102 507 praecipuus
1131 453 1167 493 ei
1196 454 1326 493 honos
1354 451 1514 492 habitus

137 531 154 564 5
175 526 245 559 est.
314 533 488 571 namque
511 519 699 560 omnibus
725 534 828 560 unus
857 519 996 559 insulis
1027 518 1205 571 praefuit,
1234 517 1275 557 in
1301 531 1381 569 qua
1407 524 1514 569 pote-

175 591 275 624 state
297 585 444 624 Pheras
464 585 582 636 cepit,
596 585 795 625 coloniam
816 583 1241 625 Lacedaemoniorum.
1300 582 1373 622 suit
1392 581 1511 622 etiam
1533 597 1548 619 ι

175 657 351 690 extremo
368 650 660 702 Peloponnesio
672 652 779 691 bello
798 658 968 703 praetor,
980 664 1072 690 cum
1088 650 1196 701 apud
1211 651 1344 700 Aegos
1364 649 1513 687 flumen

176 715 315 766 copiae
334 713 637 756 Atheniensium
658 717 710 757 ab
738 718 944 768 Lysandro
970 723 1062 756 sunt
1088 714 1278 755 devictae.
1336 714 1406 753 sed
1427 721 1512 753 tum

175 780 283 830 afuit,
305 794 434 832 eoque
459 781 572 833 peius
599 796 659 822 res
684 782 959 823 administrata
978 788 1061 821 est:
1091 794 1183 820 nam
1204 787 1243 820 et
1263 780 1437 831 prudens
1457 778 1511 818 rei

120 859 157 882 10
178 845 352 885 militaris
379 854 418 886 et
447 846 614 898 diligens
638 854 721 887 erat
750 847 973 900 imperator.
1033 846 1166 898 itaque
1193 844 1344 885 nemini
1364 851 1446 885 erat
1465 843 1512 883 iis
1530 853 1549 886 3

177 911 421 962 temporibus
450 912 630 961 dubium,
653 913 684 952 si
713 912 917 964 adfuisset,
943 911 1050 951 illam
1071 909 1328 951 Atheniensis
1357 908 1513 950 calami-

176 983 296 1015 tatem
317 985 549 1028 accepturos
570 991 651 1017 non
673 978 803 1018 fuisse.

233 1042 369 1081 Rebus
389 1050 522 1081 autem
541 1043 706 1091 afflictis,
729 1057 821 1083 cum
842 1043 1007 1095 patriam
1029 1041 1203 1083 obsideri
1222 1041 1408 1090 audisset,
1431 1055 1512 1080 non
1531 1053 1557 1082 2

177 1107 378 1158 quaesivit,
401 1108 470 1147 ubi
500 1108 583 1160 ipse
613 1117 699 1149 tuto
728 1109 885 1158 viveret,
917 1110 987 1149 sed
1018 1110 1125 1149 unde
1155 1107 1351 1160 praesidio
1380 1114 1514 1159 posset

122 1185 158 1218 15
177 1173 263 1212 es'se
300 1172 452 1212 civibus
491 1173 581 1214 suis.
653 1175 785 1226 itaque
823 1174 992 1214 contulit
1030 1188 1072 1214 se
1109 1175 1162 1214 ad
1202 1172 1533 1221 Pharnabazum‚'

177 1247 372 1290 satrapem
408 1239 546 1280 Ioniae
579 1247 619 1280 et
653 1240 803 1291 Lydiae
836 1241 1091 1291 eundemque
1120 1252 1309 1291 generum
1341 1237 1441 1290 regis
1473 1244 1514 1278 et

179 1304 470 1356 propinquum:
503 1307 612 1356 apud
638 1319 759 1357 quem
786 1312 829 1345 ut
858 1307 1027 1345 multum
1053 1305 1178 1356 gratia
1202 1306 1359 1352 valeret,
1388 1304 1514 1344 multo

178 1370 312 1409 labore
333 1370 545 1421 multisque
565 1371 695 1411 effecit
719 1371 913 1422 periculis.
973 1385 1064 1410 nam
1091 1384 1183 1410 cum
1206 1368 1513 1410 Lacedaemonii
1534 1385 1549 1407 2

178 1435 488 1475 Atheniensibus
502 1436 667 1476 devictis
687 1436 727 1476 in
743 1436 932 1476 societate
953 1450 1033 1476 non
1048 1443 1262 1483 manerent,
1281 1449 1401 1486 quam
1421 1448 1512 1474 cum

121 1513 161 1536 20
178 1502 389 1540 Artaxerxe
434 1502 616 1549 fecerant,
658 1502 967 1554 Agesilaumque
1006 1502 1194 1542 bellatum
1238 1500 1436 1540 misissent
1473 1500 1513 1539 in

179 1566 327 1615 Asiam,
351 1566 519 1607 maxime
546 1567 704 1619 impulsi
730 1582 755 1608 a
780 1569 1061 1620 Tissapherne,
1081 1567 1150 1619 qui
1173 1582 1221 1607 ex
1246 1566 1395 1606 intimis
1415 1566 1513 1618 regis

177 1631 229 1671 ab
261 1631 434 1672 amicitia
467 1633 552 1673 eius
586 1635 784 1674 defecerat
818 1642 857 1674 et
886 1647 978 1673 curn
1009 1631 1337 1673 Lacedaemoniis
1367 1631 1514 1671 coierat

177 1697 418 1746 societatem,
459 1699 567 1738 hunc
604 1701 792 1739 adversus
832 1699 1110 1738 Pharnabazus
1152 1697 1310 1737 habitus
1348 1704 1407 1737 est
1445 1697 1514 1735 im-

178 1770 342 1812 perator,
374 1777 415 1802 re
444 1763 606 1814 quidem
637 1778 728 1803 vera
756 1763 941 1804 exercitui
974 1763 1141 1814 praefuit
1170 1763 1315 1803 Conon
1348 1761 1512 1812 eiusque

121 1841 158 1873 ²5
177 1827 312 1866 omnia
340 1827 502 1867 arbitrio
529 1835 638 1879 gesta
667 1837 771 1868 sunt.
839 1828 904 1868 hic
934 1830 1104 1868 multum
1135 1829 1279 1868 ducem
1310 1839 1510 1866 summum
1532 1842 1551 1874 3

179 1891 406 1943 Agesilaum
437 1892 643 1944 impedivit
669 1907 867 1946 saepeque
894 1893 978 1934 eius
1003 1892 1177 1934 consiliis
1197 1891 1360 1940 obstitit,
1382 1905 1513 1943 neque

179 1971 271 1996 vero
298 1971 379 1996 non
406 1957 478 1997 fuit
504 1966 696 2009 apertum,
718 1959 750 1998 si
771 1959 835 1999 ille
855 1973 936 1999 non
957 1958 1104 2007 fuisset,
1128 1957 1354 2010 Agesilaum
1376 1956 1512 1997 Asiam

179 2025 312 2062 Tauro
333 2030 447 2063 tenus
460 2023 539 2075 regi
555 2024 675 2064 fuisse
689 2030 928 2077 erepturum.
987 2025 1055 2077 qui
1072 2033 1332 2077 posteaquam
1347 2025 1512 2064 domum
1532 2035 1553 2067 4

178 2101 203 2126 a
231 2087 310 2127 suis
340 2087 492 2128 civibus
522 2097 727 2129 revocatus
755 2098 826 2138 est,
857 2091 968 2141 quod
998 2089 1154 2130 Boeotii
1183 2098 1222 2130 et
1249 2089 1514 2129 Athenienses

123 2161 163 2193 30
183 2153 509 2194 Lacedaemoniis
530 2154 678 2194 bellum
699 2154 931 2204 indixerant,
953 2156 1100 2196 Conon
1121 2155 1246 2195 nihilo
1266 2154 1387 2194 setius
1406 2155 1513 2205 apud

180 2220 397 2271 praefectos
418 2220 517 2271 regis
538 2221 764 2260 versabatur
784 2221 909 2272 iisque
929 2221 1116 2261 omnibus
1137 2234 1281 2272 magno
1301 2227 1382 2260 erat
1402 2218 1503 2259 usui.

226 2332 245 2353 2
269 2332 374 2363 opere
387 2323 477 2355 Dan.
497 2323 610 2355 AMP
740 2335 884 2365 magnus
902 2324 959 2357 M:
984 2335 1105 2365 magna
1120 2323 1213 2357 Leid.
1227 2324 1259 2356 ii.
1417 2334 1437 2364 3
1459 2333 1515 2355 res

183 2376 323 2407 magnas
346 2366 449 2409 mari]
475 2377 616 2408 magnas
641 2369 722 2400 mari
741 2370 823 2411 (om.
839 2369 910 2409 res)
928 2368 1018 2400 Dan.
1038 2368 1071 2399 A
1086 2380 1093 2400 ε
1130 2377 1270 2408 magnas
1292 2377 1335 2400 m.
1353 2367 1515 2400 uictorias

182 2409 235 2441 P:
259 2420 400 2451 magnas
416 2412 499 2443 mari
517 2421 571 2444 res
587 2411 686 2454 Nt'pp·
828 2422 868 2444 10
891 2411 1024 2453 imperii
1036 2410 1145 2443 BMR
1299 2411 1353 2443 his
1367 2411 1458 2443 codd.
