<?xml version="1.0" encoding="UTF-8"?>
<!DOCTYPE html PUBLIC "-//W3C//DTD XHTML 1.0 Transitional//EN"
    "http://www.w3.org/TR/xhtml1/DTD/xhtml1-transitional.dtd">
<html xmlns="http://www.w3.org/1999/xhtml" xml:lang="en" lang="en">
 <head>
  <title>
</title>
<meta http-equiv="Content-Type" content="text/html;charset=utf-8" />
  <meta name='ocr-system' content='tesseract 3.04.00' />
  <meta name='ocr-capabilities' content='ocr_page ocr_carea ocr_par ocr_line ocrx_word'/>
</head>
<body>
  <div class='ocr_page' id='page_1' title='image "./vitaerecognovitb00nepouoft_0098.png"; bbox 0 0 1746 2740; ppageno 0'>
   <div class='ocr_carea' id='block_1_1' title="bbox 138 139 1147 182">
    <p class='ocr_par' dir='ltr' id='par_1_1' title="bbox 138 139 1147 182">
     <span class='ocr_line' id='line_1_1' title="bbox 138 139 1147 182; baseline -0.002 -1"><span class='ocrx_word' id='word_1_1' title='bbox 138 142 250 181; x_wconf 92' lang='lat' dir='ltr'>XIX.</span> <span class='ocrx_word' id='word_1_2' title='bbox 272 142 286 179; x_wconf 83' lang='lat' dir='ltr'>i</span> <span class='ocrx_word' id='word_1_3' title='bbox 623 140 876 182; x_wconf 92' lang='lat' dir='ltr'><strong>CORNELI</strong></span> <span class='ocrx_word' id='word_1_4' title='bbox 907 139 1147 180; x_wconf 91' lang='lat' dir='ltr'>NEPOTIS</span> 
     </span>
    </p>
   </div>
   <div class='ocr_carea' id='block_1_2' title="bbox 155 251 1614 2319">
    <p class='ocr_par' dir='ltr' id='par_1_2' title="bbox 223 251 1552 302">
     <span class='ocr_line' id='line_1_2' title="bbox 223 251 1552 302; baseline -0.002 -9"><span class='ocrx_word' id='word_1_5' title='bbox 223 252 414 293; x_wconf 86' lang='lat' dir='ltr'>memoria</span> <span class='ocrx_word' id='word_1_6' title='bbox 441 260 501 293; x_wconf 89' lang='lat' dir='ltr'>est</span> <span class='ocrx_word' id='word_1_7' title='bbox 534 253 652 301; x_wconf 88' lang='lat' dir='ltr'>nulla,</span> <span class='ocrx_word' id='word_1_8' title='bbox 684 251 787 291; x_wconf 86' lang='lat' dir='ltr'>illius</span> <span class='ocrx_word' id='word_1_9' title='bbox 814 259 948 291; x_wconf 88' lang='lat' dir='ltr'>autem</span> <span class='ocrx_word' id='word_1_10' title='bbox 982 264 1125 302; x_wconf 88' lang='lat' dir='ltr'>magna</span> <span class='ocrx_word' id='word_1_11' title='bbox 1156 252 1275 300; x_wconf 89' lang='lat' dir='ltr'>fama,</span> <span class='ocrx_word' id='word_1_12' title='bbox 1303 264 1351 290; x_wconf 89' lang='lat' dir='ltr'>ex</span> <span class='ocrx_word' id='word_1_13' title='bbox 1379 263 1460 302; x_wconf 90' lang='lat' dir='ltr'>quo</span> <span class='ocrx_word' id='word_1_14' title='bbox 1487 263 1552 290; x_wconf 92' lang='lat' dir='ltr'>co-</span> 
     </span>
    </p>

    <p class='ocr_par' dir='ltr' id='par_1_3' title="bbox 187 316 1551 499">
     <span class='ocr_line' id='line_1_3' title="bbox 187 316 1549 370; baseline -0.001 -15"><span class='ocrx_word' id='word_1_15' title='bbox 187 333 202 355; x_wconf 85' lang='lat'>2</span> <span class='ocrx_word' id='word_1_16' title='bbox 223 318 412 370; x_wconf 89' lang='lat' dir='ltr'>gnomine</span> <span class='ocrx_word' id='word_1_17' title='bbox 436 320 572 358; x_wconf 90' lang='lat' dir='ltr'>Bonus</span> <span class='ocrx_word' id='word_1_18' title='bbox 591 325 651 357; x_wconf 92' lang='lat' dir='ltr'>est</span> <span class='ocrx_word' id='word_1_19' title='bbox 670 318 900 369; x_wconf 88' lang='lat' dir='ltr'>appellatus.</span> <span class='ocrx_word' id='word_1_20' title='bbox 958 316 1032 356; x_wconf 87' lang='lat' dir='ltr'>fuit</span> <span class='ocrx_word' id='word_1_21' title='bbox 1051 316 1157 357; x_wconf 91' lang='lat' dir='ltr'>enim</span> <span class='ocrx_word' id='word_1_22' title='bbox 1178 323 1370 368; x_wconf 88' lang='lat' dir='ltr'>perpetuo</span> <span class='ocrx_word' id='word_1_23' title='bbox 1388 329 1549 368; x_wconf 85' lang='lat' dir='ltr'>pauper,</span> 
     </span>
     <span class='ocr_line' id='line_1_4' title="bbox 223 380 1551 433; baseline -0.002 -11"><span class='ocrx_word' id='word_1_24' title='bbox 223 395 315 422; x_wconf 92' lang='lat' dir='ltr'>cum</span> <span class='ocrx_word' id='word_1_25' title='bbox 353 382 610 423; x_wconf 89' lang='lat' dir='ltr'>divitissimus</span> <span class='ocrx_word' id='word_1_26' title='bbox 647 395 733 421; x_wconf 91' lang='lat' dir='ltr'>esse</span> <span class='ocrx_word' id='word_1_27' title='bbox 776 389 911 433; x_wconf 90' lang='lat' dir='ltr'>posset</span> <span class='ocrx_word' id='word_1_28' title='bbox 948 389 1108 433; x_wconf 93' lang='lat' dir='ltr'>propter</span> <span class='ocrx_word' id='word_1_29' title='bbox 1144 380 1361 432; x_wconf 87' lang='lat' dir='ltr'>frequentis</span> <span class='ocrx_word' id='word_1_30' title='bbox 1398 381 1551 420; x_wconf 90' lang='lat' dir='ltr'>delatos</span> 
     </span>
     <span class='ocr_line' id='line_1_5' title="bbox 224 446 1548 499; baseline -0.002 -12"><span class='ocrx_word' id='word_1_31' title='bbox 224 448 395 487; x_wconf 89' lang='lat' dir='ltr'>honores</span> <span class='ocrx_word' id='word_1_32' title='bbox 422 455 717 499; x_wconf 85' lang='lat' dir='ltr'>potestatesque</span> <span class='ocrx_word' id='word_1_33' title='bbox 742 460 928 495; x_wconf 84' lang='lat' dir='ltr'>summas,</span> <span class='ocrx_word' id='word_1_34' title='bbox 950 460 1052 498; x_wconf 89' lang='lat' dir='ltr'>quae</span> <span class='ocrx_word' id='word_1_35' title='bbox 1072 446 1107 486; x_wconf 93' lang='lat' dir='ltr'>ei</span> <span class='ocrx_word' id='word_1_36' title='bbox 1127 460 1151 485; x_wconf 96' lang='lat' dir='ltr'>a</span> <span class='ocrx_word' id='word_1_37' title='bbox 1169 448 1319 498; x_wconf 93' lang='lat' dir='ltr'>populo</span> <span class='ocrx_word' id='word_1_38' title='bbox 1342 446 1548 486; x_wconf 86' lang='lat' dir='ltr'>dabantur.</span> 
     </span>
    </p>

    <p class='ocr_par' dir='ltr' id='par_1_4' title="bbox 155 511 1589 759">
     <span class='ocr_line' id='line_1_6' title="bbox 155 511 1589 564; baseline -0.001 -13"><span class='ocrx_word' id='word_1_39' title='bbox 155 527 158 530; x_wconf 92' lang='lat'>·</span> <span class='ocrx_word' id='word_1_40' title='bbox 187 524 204 555; x_wconf 81' lang='lat'><strong>3</strong></span> <span class='ocrx_word' id='word_1_41' title='bbox 222 512 287 551; x_wconf 92' lang='lat' dir='ltr'>hic</span> <span class='ocrx_word' id='word_1_42' title='bbox 321 526 411 552; x_wconf 90' lang='lat' dir='ltr'>cum</span> <span class='ocrx_word' id='word_1_43' title='bbox 445 526 469 551; x_wconf 89' lang='lat' dir='ltr'>a</span> <span class='ocrx_word' id='word_1_44' title='bbox 501 526 590 564; x_wconf 88' lang='lat' dir='ltr'>rege</span> <span class='ocrx_word' id='word_1_45' title='bbox 619 512 804 564; x_wconf 89' lang='lat' dir='ltr'>Philippo</span> <span class='ocrx_word' id='word_1_46' title='bbox 833 525 996 551; x_wconf 90' lang='lat' dir='ltr'>munera</span> <span class='ocrx_word' id='word_1_47' title='bbox 1029 525 1194 563; x_wconf 90' lang='lat' dir='ltr'>magnae</span> <span class='ocrx_word' id='word_1_48' title='bbox 1222 511 1414 563; x_wconf 88' lang='lat' dir='ltr'>pecuniae</span> <span class='ocrx_word' id='word_1_49' title='bbox 1441 524 1552 562; x_wconf 92' lang='lat' dir='ltr'>repu-</span> <span class='ocrx_word' id='word_1_50' title='bbox 1571 526 1589 557; x_wconf 85' lang='lat'><strong>5</strong></span> 
     </span>
     <span class='ocr_line' id='line_1_7' title="bbox 222 576 1551 629; baseline -0.001 -12"><span class='ocrx_word' id='word_1_51' title='bbox 222 577 348 617; x_wconf 89' lang='lat' dir='ltr'>diaret</span> <span class='ocrx_word' id='word_1_52' title='bbox 373 578 569 629; x_wconf 89' lang='lat' dir='ltr'>legatique</span> <span class='ocrx_word' id='word_1_53' title='bbox 595 579 843 617; x_wconf 84' lang='lat' dir='ltr'>hortarentur</span> <span class='ocrx_word' id='word_1_54' title='bbox 861 576 1041 629; x_wconf 89' lang='lat' dir='ltr'>accipere</span> <span class='ocrx_word' id='word_1_55' title='bbox 1061 577 1257 628; x_wconf 91' lang='lat' dir='ltr'>simulque</span> <span class='ocrx_word' id='word_1_56' title='bbox 1277 578 1551 626; x_wconf 85' lang='lat' dir='ltr'>admonerent,</span> 
     </span>
     <span class='ocr_line' id='line_1_8' title="bbox 222 641 1553 694; baseline -0.001 -13"><span class='ocrx_word' id='word_1_57' title='bbox 222 642 255 681; x_wconf 92' lang='lat' dir='ltr'>si</span> <span class='ocrx_word' id='word_1_58' title='bbox 281 642 365 694; x_wconf 90' lang='lat' dir='ltr'>ipse</span> <span class='ocrx_word' id='word_1_59' title='bbox 391 642 438 682; x_wconf 91' lang='lat' dir='ltr'>iis</span> <span class='ocrx_word' id='word_1_60' title='bbox 463 642 578 682; x_wconf 85' lang='lat' dir='ltr'>facile</span> <span class='ocrx_word' id='word_1_61' title='bbox 597 650 755 691; x_wconf 88' lang='lat' dir='ltr'>careret,</span> <span class='ocrx_word' id='word_1_62' title='bbox 776 642 909 682; x_wconf 89' lang='lat' dir='ltr'>liberis</span> <span class='ocrx_word' id='word_1_63' title='bbox 936 649 1069 681; x_wconf 89' lang='lat' dir='ltr'>tamen</span> <span class='ocrx_word' id='word_1_64' title='bbox 1089 642 1171 681; x_wconf 89' lang='lat' dir='ltr'>suis</span> <span class='ocrx_word' id='word_1_65' title='bbox 1195 641 1448 693; x_wconf 87' lang='lat' dir='ltr'>prospiceret,</span> <span class='ocrx_word' id='word_1_66' title='bbox 1470 641 1553 693; x_wconf 93' lang='lat' dir='ltr'>qui-</span> 
     </span>
     <span class='ocr_line' id='line_1_9' title="bbox 224 707 1551 759; baseline -0.001 -12"><span class='ocrx_word' id='word_1_67' title='bbox 224 707 298 747; x_wconf 89' lang='lat' dir='ltr'>bus</span> <span class='ocrx_word' id='word_1_68' title='bbox 327 707 486 748; x_wconf 88' lang='lat' dir='ltr'>difficile</span> <span class='ocrx_word' id='word_1_69' title='bbox 514 716 618 748; x_wconf 92' lang='lat' dir='ltr'>esset</span> <span class='ocrx_word' id='word_1_70' title='bbox 646 708 686 747; x_wconf 93' lang='lat' dir='ltr'>in</span> <span class='ocrx_word' id='word_1_71' title='bbox 715 721 872 747; x_wconf 88' lang='lat' dir='ltr'>summa</span> <span class='ocrx_word' id='word_1_72' title='bbox 899 714 1130 759; x_wconf 89' lang='lat' dir='ltr'>paupertate</span> <span class='ocrx_word' id='word_1_73' title='bbox 1163 714 1314 746; x_wconf 78' lang='lat' dir='ltr'>tantam</span> <span class='ocrx_word' id='word_1_74' title='bbox 1346 714 1551 759; x_wconf 88' lang='lat' dir='ltr'>paternam</span> 
     </span>
    </p>

    <p class='ocr_par' dir='ltr' id='par_1_5' title="bbox 185 771 1614 1019">
     <span class='ocr_line' id='line_1_10' title="bbox 185 771 1552 825; baseline -0.001 -13"><span class='ocrx_word' id='word_1_75' title='bbox 185 787 205 817; x_wconf 91' lang='lat'>4</span> <span class='ocrx_word' id='word_1_76' title='bbox 224 772 322 812; x_wconf 90' lang='lat' dir='ltr'>tueri</span> <span class='ocrx_word' id='word_1_77' title='bbox 359 772 534 825; x_wconf 87' lang='lat' dir='ltr'>gloriam,</span> <span class='ocrx_word' id='word_1_78' title='bbox 568 772 630 811; x_wconf 88' lang='lat' dir='ltr'>his</span> <span class='ocrx_word' id='word_1_79' title='bbox 663 772 728 812; x_wconf 93' lang='lat' dir='ltr'>ille</span> <span class='ocrx_word' id='word_1_80' title='bbox 764 772 817 812; x_wconf 90' lang='lat' dir='ltr'>‘si</span> <span class='ocrx_word' id='word_1_81' title='bbox 855 772 934 812; x_wconf 91' lang='lat' dir='ltr'>mei</span> <span class='ocrx_word' id='word_1_82' title='bbox 971 771 1118 811; x_wconf 88' lang='lat' dir='ltr'>similes</span> <span class='ocrx_word' id='word_1_83' title='bbox 1155 779 1280 819; x_wconf 93' lang='lat' dir='ltr'>erunt,</span> <span class='ocrx_word' id='word_1_84' title='bbox 1320 771 1427 812; x_wconf 90' lang='lat' dir='ltr'>idem</span> <span class='ocrx_word' id='word_1_85' title='bbox 1465 771 1552 811; x_wconf 89' lang='lat' dir='ltr'>hic&#39;</span> 
     </span>
     <span class='ocr_line' id='line_1_11' title="bbox 223 835 1614 888; baseline 0.001 -12"><span class='ocrx_word' id='word_1_86' title='bbox 223 837 351 888; x_wconf 90' lang='lat' dir='ltr'>inquit</span> <span class='ocrx_word' id='word_1_87' title='bbox 379 839 548 888; x_wconf 88' lang='lat' dir='ltr'>‘agellus</span> <span class='ocrx_word' id='word_1_88' title='bbox 575 837 663 876; x_wconf 90' lang='lat' dir='ltr'>illos</span> <span class='ocrx_word' id='word_1_89' title='bbox 691 838 780 886; x_wconf 89' lang='lat' dir='ltr'>alet,</span> <span class='ocrx_word' id='word_1_90' title='bbox 811 836 879 888; x_wconf 91' lang='lat' dir='ltr'>qui</span> <span class='ocrx_word' id='word_1_91' title='bbox 908 851 972 877; x_wconf 90' lang='lat' dir='ltr'>me</span> <span class='ocrx_word' id='word_1_92' title='bbox 1000 838 1051 877; x_wconf 89' lang='lat' dir='ltr'>ad</span> <span class='ocrx_word' id='word_1_93' title='bbox 1082 838 1185 876; x_wconf 91' lang='lat' dir='ltr'>hanc</span> <span class='ocrx_word' id='word_1_94' title='bbox 1210 835 1442 888; x_wconf 88' lang='lat' dir='ltr'>dignitatem</span> <span class='ocrx_word' id='word_1_95' title='bbox 1469 850 1551 888; x_wconf 89' lang='lat' dir='ltr'>per·</span> <span class='ocrx_word' id='word_1_96' title='bbox 1574 852 1614 877; x_wconf 89' lang='grc' dir='ltr'>ιο</span> 
     </span>
     <span class='ocr_line' id='line_1_12' title="bbox 222 901 1550 953; baseline -0.001 -11"><span class='ocrx_word' id='word_1_97' title='bbox 222 902 358 951; x_wconf 78' lang='lat' dir='ltr'>duxit3</span> <span class='ocrx_word' id='word_1_98' title='bbox 386 902 445 942; x_wconf 89' lang='lat' dir='ltr'>sin</span> <span class='ocrx_word' id='word_1_99' title='bbox 465 902 675 942; x_wconf 90' lang='lat' dir='ltr'>dissimiles</span> <span class='ocrx_word' id='word_1_100' title='bbox 695 910 787 942; x_wconf 90' lang='lat' dir='ltr'>sunt</span> <span class='ocrx_word' id='word_1_101' title='bbox 806 902 936 951; x_wconf 91' lang='lat' dir='ltr'>futuri,</span> <span class='ocrx_word' id='word_1_102' title='bbox 954 904 1048 942; x_wconf 92' lang='lat' dir='ltr'>nolo</span> <span class='ocrx_word' id='word_1_103' title='bbox 1069 902 1167 942; x_wconf 90' lang='lat' dir='ltr'>meis</span> <span class='ocrx_word' id='word_1_104' title='bbox 1186 901 1375 953; x_wconf 89' lang='lat' dir='ltr'>impensis</span> <span class='ocrx_word' id='word_1_105' title='bbox 1394 901 1550 941; x_wconf 89' lang='lat' dir='ltr'>illorum</span> 
     </span>
     <span class='ocr_line' id='line_1_13' title="bbox 222 967 986 1019; baseline 0.003 -12"><span class='ocrx_word' id='word_1_106' title='bbox 222 967 273 1007; x_wconf 91' lang='lat' dir='ltr'>ali</span> <span class='ocrx_word' id='word_1_107' title='bbox 293 967 507 1019; x_wconf 88' lang='lat' dir='ltr'>augerique</span> <span class='ocrx_word' id='word_1_108' title='bbox 526 967 744 1007; x_wconf 90' lang='lat' dir='ltr'>luxuriam.&#39;</span> <span class='ocrx_word' id='word_1_109' title='bbox 983 1007 986 1009; x_wconf 75' lang='grc'>,</span> 
     </span>
    </p>

    <p class='ocr_par' dir='ltr' id='par_1_6' title="bbox 180 1034 1552 1150">
     <span class='ocr_line' id='line_1_14' title="bbox 180 1034 1552 1086; baseline 0.001 -15"><span class='ocrx_word' id='word_1_110' title='bbox 180 1043 206 1071; x_wconf 81' lang='lat'><em>2</em></span> <span class='ocrx_word' id='word_1_111' title='bbox 278 1034 393 1073; x_wconf 91' lang='lat' dir='ltr'>Idem</span> <span class='ocrx_word' id='word_1_112' title='bbox 422 1047 515 1073; x_wconf 85' lang='lat' dir='ltr'>curn</span> <span class='ocrx_word' id='word_1_113' title='bbox 544 1048 667 1085; x_wconf 92' lang='lat' dir='ltr'>prope</span> <span class='ocrx_word' id='word_1_114' title='bbox 694 1035 747 1073; x_wconf 91' lang='lat' dir='ltr'>ad</span> <span class='ocrx_word' id='word_1_115' title='bbox 774 1047 923 1073; x_wconf 89' lang='lat' dir='ltr'>annum</span> <span class='ocrx_word' id='word_1_116' title='bbox 945 1034 1231 1086; x_wconf 88' lang='lat' dir='ltr'>octogesimum</span> <span class='ocrx_word' id='word_1_117' title='bbox 1258 1047 1444 1085; x_wconf 88' lang='lat' dir='ltr'>prospera</span> <span class='ocrx_word' id='word_1_118' title='bbox 1470 1046 1552 1084; x_wconf 92' lang='lat' dir='ltr'>per-</span> 
     </span>
     <span class='ocr_line' id='line_1_15' title="bbox 224 1098 1550 1150; baseline -0.001 -12"><span class='ocrx_word' id='word_1_119' title='bbox 224 1098 395 1138; x_wconf 84' lang='lat' dir='ltr'>venisset</span> <span class='ocrx_word' id='word_1_120' title='bbox 429 1099 597 1148; x_wconf 83' lang='lat' dir='ltr'>fortuna,</span> <span class='ocrx_word' id='word_1_121' title='bbox 628 1099 810 1138; x_wconf 91' lang='lat' dir='ltr'>extremis</span> <span class='ocrx_word' id='word_1_122' title='bbox 844 1099 1089 1150; x_wconf 90' lang='lat' dir='ltr'>temporibus</span> <span class='ocrx_word' id='word_1_123' title='bbox 1118 1112 1305 1150; x_wconf 84' lang='lat' dir='ltr'>magnum</span> <span class='ocrx_word' id='word_1_124' title='bbox 1340 1098 1380 1137; x_wconf 93' lang='lat' dir='ltr'>in</span> <span class='ocrx_word' id='word_1_125' title='bbox 1413 1098 1550 1138; x_wconf 91' lang='lat' dir='ltr'>odium</span> 
     </span>
    </p>

    <p class='ocr_par' dir='ltr' id='par_1_7' title="bbox 189 1163 1611 1475">
     <span class='ocr_line' id='line_1_16' title="bbox 189 1163 1611 1216; baseline 0.001 -13"><span class='ocrx_word' id='word_1_126' title='bbox 189 1179 203 1200; x_wconf 88' lang='lat'><strong>2</strong></span> <span class='ocrx_word' id='word_1_127' title='bbox 223 1163 400 1215; x_wconf 89' lang='lat' dir='ltr'>pervenit</span> <span class='ocrx_word' id='word_1_128' title='bbox 424 1178 584 1203; x_wconf 90' lang='lat' dir='ltr'>suorum</span> <span class='ocrx_word' id='word_1_129' title='bbox 609 1164 766 1212; x_wconf 92' lang='lat' dir='ltr'>civium,</span> <span class='ocrx_word' id='word_1_130' title='bbox 788 1164 917 1216; x_wconf 91' lang='lat' dir='ltr'>primo</span> <span class='ocrx_word' id='word_1_131' title='bbox 937 1166 1046 1216; x_wconf 91' lang='lat' dir='ltr'>quod</span> <span class='ocrx_word' id='word_1_132' title='bbox 1066 1178 1158 1204; x_wconf 92' lang='lat' dir='ltr'>cum</span> <span class='ocrx_word' id='word_1_133' title='bbox 1184 1165 1365 1204; x_wconf 86' lang='lat' dir='ltr'>Demade</span> <span class='ocrx_word' id='word_1_134' title='bbox 1385 1165 1436 1204; x_wconf 91' lang='lat' dir='ltr'>de</span> <span class='ocrx_word' id='word_1_135' title='bbox 1455 1164 1551 1204; x_wconf 90' lang='lat' dir='ltr'>urbe</span> <span class='ocrx_word' id='word_1_136' title='bbox 1574 1178 1611 1211; x_wconf 85' lang='lat'>¹5</span> 
     </span>
     <span class='ocr_line' id='line_1_17' title="bbox 225 1229 1553 1281; baseline 0.002 -13"><span class='ocrx_word' id='word_1_137' title='bbox 225 1230 416 1269; x_wconf 86' lang='lat' dir='ltr'>tradenda</span> <span class='ocrx_word' id='word_1_138' title='bbox 453 1229 662 1281; x_wconf 88' lang='lat' dir='ltr'>Antipatro</span> <span class='ocrx_word' id='word_1_139' title='bbox 699 1238 952 1269; x_wconf 85' lang='lat' dir='ltr'>consenserat</span> <span class='ocrx_word' id='word_1_140' title='bbox 993 1229 1158 1281; x_wconf 91' lang='lat' dir='ltr'>eiusque</span> <span class='ocrx_word' id='word_1_141' title='bbox 1197 1229 1364 1269; x_wconf 90' lang='lat' dir='ltr'>consilio</span> <span class='ocrx_word' id='word_1_142' title='bbox 1407 1231 1553 1270; x_wconf 91' lang='lat' dir='ltr'>Demo-</span> 
     </span>
     <span class='ocr_line' id='line_1_18' title="bbox 223 1294 1552 1346; baseline 0.001 -13"><span class='ocrx_word' id='word_1_143' title='bbox 223 1295 382 1334; x_wconf 90' lang='lat' dir='ltr'>sthenes</span> <span class='ocrx_word' id='word_1_144' title='bbox 406 1308 497 1333; x_wconf 91' lang='lat' dir='ltr'>cum</span> <span class='ocrx_word' id='word_1_145' title='bbox 518 1294 668 1343; x_wconf 90' lang='lat' dir='ltr'>ceteris,</span> <span class='ocrx_word' id='word_1_146' title='bbox 690 1294 758 1345; x_wconf 92' lang='lat' dir='ltr'>qui</span> <span class='ocrx_word' id='word_1_147' title='bbox 779 1295 881 1334; x_wconf 92' lang='lat' dir='ltr'>bene</span> <span class='ocrx_word' id='word_1_148' title='bbox 900 1296 952 1334; x_wconf 91' lang='lat' dir='ltr'>de</span> <span class='ocrx_word' id='word_1_149' title='bbox 971 1309 1012 1334; x_wconf 91' lang='lat' dir='ltr'>re</span> <span class='ocrx_word' id='word_1_150' title='bbox 1031 1295 1190 1346; x_wconf 89' lang='lat' dir='ltr'>publica</span> <span class='ocrx_word' id='word_1_151' title='bbox 1210 1294 1337 1335; x_wconf 90' lang='lat' dir='ltr'>meriti</span> <span class='ocrx_word' id='word_1_152' title='bbox 1360 1295 1552 1335; x_wconf 86' lang='lat' dir='ltr'>existima-</span> 
     </span>
     <span class='ocr_line' id='line_1_19' title="bbox 223 1359 1551 1411; baseline 0.001 -13"><span class='ocrx_word' id='word_1_153' title='bbox 223 1360 376 1407; x_wconf 89' lang='lat' dir='ltr'>bantur,</span> <span class='ocrx_word' id='word_1_154' title='bbox 398 1359 535 1410; x_wconf 92' lang='lat' dir='ltr'>populi</span> <span class='ocrx_word' id='word_1_155' title='bbox 561 1359 660 1399; x_wconf 94' lang='lat' dir='ltr'>scito</span> <span class='ocrx_word' id='word_1_156' title='bbox 683 1359 723 1398; x_wconf 92' lang='lat' dir='ltr'>in</span> <span class='ocrx_word' id='word_1_157' title='bbox 747 1359 906 1399; x_wconf 90' lang='lat' dir='ltr'>exilium</span> <span class='ocrx_word' id='word_1_158' title='bbox 933 1367 1042 1399; x_wconf 88' lang='lat' dir='ltr'>erant</span> <span class='ocrx_word' id='word_1_159' title='bbox 1066 1360 1226 1411; x_wconf 88' lang='lat' dir='ltr'>expulsi.</span> <span class='ocrx_word' id='word_1_160' title='bbox 1285 1374 1416 1411; x_wconf 90' lang='lat' dir='ltr'>neque</span> <span class='ocrx_word' id='word_1_161' title='bbox 1439 1360 1479 1399; x_wconf 93' lang='lat' dir='ltr'>in</span> <span class='ocrx_word' id='word_1_162' title='bbox 1502 1374 1551 1400; x_wconf 91' lang='lat' dir='ltr'>eo</span> 
     </span>
     <span class='ocr_line' id='line_1_20' title="bbox 224 1424 1549 1475; baseline 0 -12"><span class='ocrx_word' id='word_1_163' title='bbox 224 1425 352 1464; x_wconf 87' lang='lat' dir='ltr'>solum</span> <span class='ocrx_word' id='word_1_164' title='bbox 372 1425 601 1472; x_wconf 88' lang='lat' dir='ltr'>offenderat,</span> <span class='ocrx_word' id='word_1_165' title='bbox 623 1426 732 1475; x_wconf 93' lang='lat' dir='ltr'>quod</span> <span class='ocrx_word' id='word_1_166' title='bbox 758 1424 907 1475; x_wconf 86' lang='lat' dir='ltr'>patriae</span> <span class='ocrx_word' id='word_1_167' title='bbox 935 1427 1038 1465; x_wconf 89' lang='lat' dir='ltr'>male</span> <span class='ocrx_word' id='word_1_168' title='bbox 1057 1427 1318 1473; x_wconf 91' lang='lat' dir='ltr'>consuluerat,</span> <span class='ocrx_word' id='word_1_169' title='bbox 1341 1426 1411 1465; x_wconf 91' lang='lat' dir='ltr'>sed</span> <span class='ocrx_word' id='word_1_170' title='bbox 1431 1425 1549 1464; x_wconf 89' lang='lat' dir='ltr'>etiam</span> 
     </span>
    </p>

    <p class='ocr_par' dir='ltr' id='par_1_8' title="bbox 187 1488 1611 1801">
     <span class='ocr_line' id='line_1_21' title="bbox 187 1488 1611 1542; baseline 0.001 -14"><span class='ocrx_word' id='word_1_171' title='bbox 187 1504 205 1536; x_wconf 83' lang='lat'>3</span> <span class='ocrx_word' id='word_1_172' title='bbox 224 1490 333 1541; x_wconf 92' lang='lat' dir='ltr'>quod</span> <span class='ocrx_word' id='word_1_173' title='bbox 370 1488 567 1529; x_wconf 87' lang='lat' dir='ltr'>amicitiae</span> <span class='ocrx_word' id='word_1_174' title='bbox 605 1490 726 1529; x_wconf 89' lang='lat' dir='ltr'>fidem</span> <span class='ocrx_word' id='word_1_175' title='bbox 764 1503 846 1529; x_wconf 89' lang='lat' dir='ltr'>non</span> <span class='ocrx_word' id='word_1_176' title='bbox 883 1490 1136 1541; x_wconf 87' lang='lat' dir='ltr'>praestiterat.</span> <span class='ocrx_word' id='word_1_177' title='bbox 1206 1504 1379 1542; x_wconf 86' lang='lat' dir='ltr'>namque</span> <span class='ocrx_word' id='word_1_178' title='bbox 1411 1498 1550 1530; x_wconf 90' lang='lat' dir='ltr'>auctus</span> <span class='ocrx_word' id='word_1_179' title='bbox 1571 1503 1611 1526; x_wconf 84' lang='lat'>20</span> 
     </span>
     <span class='ocr_line' id='line_1_22' title="bbox 223 1554 1551 1607; baseline 0 -13"><span class='ocrx_word' id='word_1_180' title='bbox 223 1554 460 1606; x_wconf 86' lang='lat' dir='ltr'>adiutusque</span> <span class='ocrx_word' id='word_1_181' title='bbox 488 1568 513 1594; x_wconf 94' lang='lat' dir='ltr'>a</span> <span class='ocrx_word' id='word_1_182' title='bbox 542 1556 815 1594; x_wconf 90' lang='lat' dir='ltr'>Demosthene</span> <span class='ocrx_word' id='word_1_183' title='bbox 843 1569 946 1603; x_wconf 90' lang='lat' dir='ltr'>eum,</span> <span class='ocrx_word' id='word_1_184' title='bbox 975 1569 1094 1607; x_wconf 90' lang='lat' dir='ltr'>quern</span> <span class='ocrx_word' id='word_1_185' title='bbox 1124 1556 1296 1603; x_wconf 90' lang='lat' dir='ltr'>tenebat,</span> <span class='ocrx_word' id='word_1_186' title='bbox 1320 1556 1551 1595; x_wconf 89' lang='lat' dir='ltr'>ascenderat</span> 
     </span>
     <span class='ocr_line' id='line_1_23' title="bbox 221 1620 1549 1671; baseline 0 -13"><span class='ocrx_word' id='word_1_187' title='bbox 221 1620 398 1671; x_wconf 87' lang='lat' dir='ltr'>gradum,</span> <span class='ocrx_word' id='word_1_188' title='bbox 416 1633 507 1659; x_wconf 90' lang='lat' dir='ltr'>curn</span> <span class='ocrx_word' id='word_1_189' title='bbox 527 1620 714 1660; x_wconf 90' lang='lat' dir='ltr'>adversus</span> <span class='ocrx_word' id='word_1_190' title='bbox 730 1621 942 1660; x_wconf 92' lang='lat' dir='ltr'>Charetem</span> <span class='ocrx_word' id='word_1_191' title='bbox 958 1634 1049 1660; x_wconf 93' lang='lat' dir='ltr'>eum</span> <span class='ocrx_word' id='word_1_192' title='bbox 1070 1621 1319 1660; x_wconf 87' lang='lat' dir='ltr'>subornaret:</span> <span class='ocrx_word' id='word_1_193' title='bbox 1338 1620 1391 1659; x_wconf 91' lang='lat' dir='ltr'>ab</span> <span class='ocrx_word' id='word_1_194' title='bbox 1407 1621 1549 1660; x_wconf 92' lang='lat' dir='ltr'>eodem</span> 
     </span>
     <span class='ocr_line' id='line_1_24' title="bbox 222 1684 1546 1736; baseline 0 -13"><span class='ocrx_word' id='word_1_195' title='bbox 222 1684 261 1723; x_wconf 91' lang='lat' dir='ltr'>in</span> <span class='ocrx_word' id='word_1_196' title='bbox 283 1684 449 1734; x_wconf 85' lang='lat' dir='ltr'>iudiciis,</span> <span class='ocrx_word' id='word_1_197' title='bbox 471 1699 561 1725; x_wconf 91' lang='lat' dir='ltr'>cum</span> <span class='ocrx_word' id='word_1_198' title='bbox 582 1685 720 1736; x_wconf 87' lang='lat' dir='ltr'>capitis</span> <span class='ocrx_word' id='word_1_199' title='bbox 740 1699 899 1725; x_wconf 88' lang='lat' dir='ltr'>causam</span> <span class='ocrx_word' id='word_1_200' title='bbox 919 1685 1078 1734; x_wconf 90' lang='lat' dir='ltr'>diceret,</span> <span class='ocrx_word' id='word_1_201' title='bbox 1095 1687 1280 1726; x_wconf 91' lang='lat' dir='ltr'>defensus</span> <span class='ocrx_word' id='word_1_202' title='bbox 1300 1684 1546 1736; x_wconf 89' lang='lat' dir='ltr'>aliquotiens,</span> 
     </span>
     <span class='ocr_line' id='line_1_25' title="bbox 222 1749 1548 1801; baseline -0.001 -12"><span class='ocrx_word' id='word_1_203' title='bbox 222 1750 407 1790; x_wconf 88' lang='lat' dir='ltr'>liberatus</span> <span class='ocrx_word' id='word_1_204' title='bbox 440 1750 683 1790; x_wconf 89' lang='lat' dir='ltr'>discesserat.</span> <span class='ocrx_word' id='word_1_205' title='bbox 751 1751 859 1790; x_wconf 90' lang='lat' dir='ltr'>hunc</span> <span class='ocrx_word' id='word_1_206' title='bbox 892 1764 973 1790; x_wconf 87' lang='lat' dir='ltr'>non</span> <span class='ocrx_word' id='word_1_207' title='bbox 1007 1752 1135 1790; x_wconf 92' lang='lat' dir='ltr'>solum</span> <span class='ocrx_word' id='word_1_208' title='bbox 1169 1751 1209 1789; x_wconf 89' lang='lat' dir='ltr'>in</span> <span class='ocrx_word' id='word_1_209' title='bbox 1247 1749 1429 1801; x_wconf 88' lang='lat' dir='ltr'>periculis</span> <span class='ocrx_word' id='word_1_210' title='bbox 1467 1763 1548 1789; x_wconf 91' lang='lat' dir='ltr'>non</span> 
     </span>
    </p>

    <p class='ocr_par' dir='ltr' id='par_1_9' title="bbox 185 1814 1607 2191">
     <span class='ocr_line' id='line_1_26' title="bbox 185 1814 1607 1867; baseline -0.001 -12"><span class='ocrx_word' id='word_1_211' title='bbox 185 1831 205 1862; x_wconf 89' lang='lat'>4</span> <span class='ocrx_word' id='word_1_212' title='bbox 222 1815 411 1864; x_wconf 90' lang='lat' dir='ltr'>defendit,</span> <span class='ocrx_word' id='word_1_213' title='bbox 433 1817 503 1855; x_wconf 91' lang='lat' dir='ltr'>sed</span> <span class='ocrx_word' id='word_1_214' title='bbox 530 1815 648 1855; x_wconf 89' lang='lat' dir='ltr'>etiam</span> <span class='ocrx_word' id='word_1_215' title='bbox 674 1815 859 1867; x_wconf 90' lang='lat' dir='ltr'>prodidit.</span> <span class='ocrx_word' id='word_1_216' title='bbox 919 1815 1094 1856; x_wconf 91' lang='lat' dir='ltr'>concidit</span> <span class='ocrx_word' id='word_1_217' title='bbox 1118 1824 1250 1855; x_wconf 86' lang='lat' dir='ltr'>autem</span> <span class='ocrx_word' id='word_1_218' title='bbox 1279 1814 1447 1855; x_wconf 84' lang='lat' dir='ltr'>maxime</span> <span class='ocrx_word' id='word_1_219' title='bbox 1466 1828 1548 1854; x_wconf 90' lang='lat' dir='ltr'>uno</span> <span class='ocrx_word' id='word_1_220' title='bbox 1568 1828 1607 1862; x_wconf 81' lang='lat'>²⁵</span> 
     </span>
     <span class='ocr_line' id='line_1_27' title="bbox 223 1879 1547 1932; baseline -0.001 -13"><span class='ocrx_word' id='word_1_221' title='bbox 223 1879 396 1929; x_wconf 88' lang='lat' dir='ltr'>crimine,</span> <span class='ocrx_word' id='word_1_222' title='bbox 427 1881 547 1931; x_wconf 94' lang='lat' dir='ltr'>quod,</span> <span class='ocrx_word' id='word_1_223' title='bbox 578 1894 669 1919; x_wconf 89' lang='lat' dir='ltr'>curn</span> <span class='ocrx_word' id='word_1_224' title='bbox 703 1881 811 1932; x_wconf 89' lang='lat' dir='ltr'>apud</span> <span class='ocrx_word' id='word_1_225' title='bbox 846 1894 936 1920; x_wconf 93' lang='lat' dir='ltr'>eum</span> <span class='ocrx_word' id='word_1_226' title='bbox 971 1894 1170 1919; x_wconf 89' lang='lat' dir='ltr'>summum</span> <span class='ocrx_word' id='word_1_227' title='bbox 1204 1887 1307 1920; x_wconf 90' lang='lat' dir='ltr'>esset</span> <span class='ocrx_word' id='word_1_228' title='bbox 1339 1879 1547 1931; x_wconf 91' lang='lat' dir='ltr'>imperium</span> 
     </span>
     <span class='ocr_line' id='line_1_28' title="bbox 222 1944 1548 1997; baseline -0.001 -13"><span class='ocrx_word' id='word_1_229' title='bbox 222 1945 357 1996; x_wconf 91' lang='lat' dir='ltr'>populi</span> <span class='ocrx_word' id='word_1_230' title='bbox 377 1953 415 1985; x_wconf 94' lang='lat' dir='ltr'>et</span> <span class='ocrx_word' id='word_1_231' title='bbox 436 1945 688 1994; x_wconf 86' lang='lat' dir='ltr'>Nicanorem,</span> <span class='ocrx_word' id='word_1_232' title='bbox 705 1945 920 1986; x_wconf 89' lang='lat' dir='ltr'>Cassandri</span> <span class='ocrx_word' id='word_1_233' title='bbox 940 1947 1192 1997; x_wconf 91' lang='lat' dir='ltr'>praefectum,</span> <span class='ocrx_word' id='word_1_234' title='bbox 1215 1945 1389 1985; x_wconf 88' lang='lat' dir='ltr'>insidiari</span> <span class='ocrx_word' id='word_1_235' title='bbox 1411 1944 1548 1984; x_wconf 88' lang='lat' dir='ltr'>Piraeo</span> 
     </span>
     <span class='ocr_line' id='line_1_29' title="bbox 222 2010 1548 2061; baseline -0.002 -12"><span class='ocrx_word' id='word_1_236' title='bbox 222 2010 525 2050; x_wconf 90' lang='lat' dir='ltr'>Atheniensium</span> <span class='ocrx_word' id='word_1_237' title='bbox 545 2024 568 2049; x_wconf 91' lang='lat' dir='ltr'>a</span> <span class='ocrx_word' id='word_1_238' title='bbox 594 2011 765 2061; x_wconf 90' lang='lat' dir='ltr'>Dercylo</span> <span class='ocrx_word' id='word_1_239' title='bbox 794 2018 1019 2050; x_wconf 88' lang='lat' dir='ltr'>moneretur</span> <span class='ocrx_word' id='word_1_240' title='bbox 1047 2010 1234 2061; x_wconf 90' lang='lat' dir='ltr'>idemque</span> <span class='ocrx_word' id='word_1_241' title='bbox 1262 2011 1477 2061; x_wconf 90' lang='lat' dir='ltr'>postularet</span> <span class='ocrx_word' id='word_1_242' title='bbox 1505 2016 1548 2047; x_wconf 91' lang='lat' dir='ltr'>ut</span> 
     </span>
     <span class='ocr_line' id='line_1_30' title="bbox 222 2073 1547 2126; baseline -0.001 -12"><span class='ocrx_word' id='word_1_243' title='bbox 222 2074 452 2126; x_wconf 91' lang='lat' dir='ltr'>provideret,</span> <span class='ocrx_word' id='word_1_244' title='bbox 470 2089 520 2115; x_wconf 89' lang='lat' dir='ltr'>ne</span> <span class='ocrx_word' id='word_1_245' title='bbox 540 2075 829 2115; x_wconf 89' lang='lat' dir='ltr'>commeatibus</span> <span class='ocrx_word' id='word_1_246' title='bbox 849 2075 983 2114; x_wconf 88' lang='lat' dir='ltr'>civitas</span> <span class='ocrx_word' id='word_1_247' title='bbox 1004 2075 1226 2126; x_wconf 80' lang='lat' dir='ltr'>privaretur,</span> <span class='ocrx_word' id='word_1_248' title='bbox 1249 2074 1341 2114; x_wconf 91' lang='lat' dir='ltr'>huic</span> <span class='ocrx_word' id='word_1_249' title='bbox 1361 2073 1547 2114; x_wconf 89' lang='lat' dir='ltr'>audiente</span> 
     </span>
     <span class='ocr_line' id='line_1_31' title="bbox 221 2137 1607 2191; baseline -0.001 -13"><span class='ocrx_word' id='word_1_250' title='bbox 221 2141 368 2190; x_wconf 92' lang='lat' dir='ltr'>populo</span> <span class='ocrx_word' id='word_1_251' title='bbox 394 2139 572 2179; x_wconf 89' lang='lat' dir='ltr'>Phocion</span> <span class='ocrx_word' id='word_1_252' title='bbox 598 2139 753 2191; x_wconf 88' lang='lat' dir='ltr'>negavit</span> <span class='ocrx_word' id='word_1_253' title='bbox 773 2153 859 2179; x_wconf 90' lang='lat' dir='ltr'>esse</span> <span class='ocrx_word' id='word_1_254' title='bbox 882 2139 1100 2191; x_wconf 92' lang='lat' dir='ltr'>periculum</span> <span class='ocrx_word' id='word_1_255' title='bbox 1127 2153 1248 2190; x_wconf 91' lang='lat' dir='ltr'>seque</span> <span class='ocrx_word' id='word_1_256' title='bbox 1268 2139 1351 2178; x_wconf 91' lang='lat' dir='ltr'>eius</span> <span class='ocrx_word' id='word_1_257' title='bbox 1371 2138 1425 2177; x_wconf 90' lang='lat' dir='ltr'>rei</span> <span class='ocrx_word' id='word_1_258' title='bbox 1445 2137 1546 2177; x_wconf 89' lang='lat' dir='ltr'>obsi·</span> <span class='ocrx_word' id='word_1_259' title='bbox 1565 2149 1607 2181; x_wconf 76' lang='lat'>30</span> 
     </span>
    </p>

    <p class='ocr_par' dir='ltr' id='par_1_10' title="bbox 184 2202 1547 2319">
     <span class='ocr_line' id='line_1_32' title="bbox 184 2202 1547 2255; baseline -0.002 -12"><span class='ocrx_word' id='word_1_260' title='bbox 184 2205 311 2248; x_wconf 79' lang='lat' dir='ltr'>sdem</span> <span class='ocrx_word' id='word_1_261' title='bbox 346 2205 428 2244; x_wconf 90' lang='lat' dir='ltr'>fore</span> <span class='ocrx_word' id='word_1_262' title='bbox 462 2204 660 2255; x_wconf 87' lang='lat' dir='ltr'>pollicitus</span> <span class='ocrx_word' id='word_1_263' title='bbox 694 2212 762 2243; x_wconf 91' lang='lat' dir='ltr'>est.</span> <span class='ocrx_word' id='word_1_264' title='bbox 835 2217 966 2254; x_wconf 90' lang='lat' dir='ltr'>neque</span> <span class='ocrx_word' id='word_1_265' title='bbox 999 2204 1052 2243; x_wconf 88' lang='lat' dir='ltr'>ita</span> <span class='ocrx_word' id='word_1_266' title='bbox 1087 2205 1212 2242; x_wconf 88' lang='lat' dir='ltr'>multo</span> <span class='ocrx_word' id='word_1_267' title='bbox 1244 2211 1334 2254; x_wconf 87' lang='lat' dir='ltr'>post</span> <span class='ocrx_word' id='word_1_268' title='bbox 1372 2202 1547 2241; x_wconf 92' lang='lat' dir='ltr'>Nicanor</span> 
     </span>
     <span class='ocr_line' id='line_1_33' title="bbox 221 2267 1545 2319; baseline -0.002 -12"><span class='ocrx_word' id='word_1_269' title='bbox 221 2268 358 2308; x_wconf 91' lang='lat' dir='ltr'>Piraeo</span> <span class='ocrx_word' id='word_1_270' title='bbox 387 2277 445 2308; x_wconf 91' lang='lat' dir='ltr'>est</span> <span class='ocrx_word' id='word_1_271' title='bbox 474 2268 631 2319; x_wconf 86' lang='lat' dir='ltr'>potitus.</span> <span class='ocrx_word' id='word_1_272' title='bbox 689 2269 741 2307; x_wconf 89' lang='lat' dir='ltr'>ad</span> <span class='ocrx_word' id='word_1_273' title='bbox 771 2281 889 2319; x_wconf 91' lang='lat' dir='ltr'>quem</span> <span class='ocrx_word' id='word_1_274' title='bbox 919 2269 1230 2319; x_wconf 88' lang='lat' dir='ltr'>recuperandum</span> <span class='ocrx_word' id='word_1_275' title='bbox 1258 2280 1349 2306; x_wconf 92' lang='lat' dir='ltr'>cum</span> <span class='ocrx_word' id='word_1_276' title='bbox 1375 2267 1545 2317; x_wconf 91' lang='lat' dir='ltr'>populus</span> 
     </span>
    </p>
   </div>
   <div class='ocr_carea' id='block_1_3' title="bbox 220 2366 1545 2454">
    <p class='ocr_par' dir='ltr' id='par_1_11' title="bbox 220 2366 1545 2454">
     <span class='ocr_line' id='line_1_34' title="bbox 268 2366 1545 2412; baseline -0.003 -10"><span class='ocrx_word' id='word_1_277' title='bbox 268 2381 305 2410; x_wconf 78' lang='lat'>¹3</span> <span class='ocrx_word' id='word_1_278' title='bbox 332 2371 424 2402; x_wconf 86' lang='lat' dir='ltr'>Idem</span> <span class='ocrx_word' id='word_1_279' title='bbox 451 2370 656 2412; x_wconf 78' lang='lat' dir='ltr'>schoppius:</span> <span class='ocrx_word' id='word_1_280' title='bbox 679 2371 786 2402; x_wconf 86' lang='lat' dir='ltr'>eidem</span> <span class='ocrx_word' id='word_1_281' title='bbox 814 2370 902 2403; x_wconf 83' lang='lat' dir='ltr'>codd.</span> <span class='ocrx_word' id='word_1_282' title='bbox 1011 2380 1049 2410; x_wconf 84' lang='lat'>15</span> <span class='ocrx_word' id='word_1_283' title='bbox 1071 2370 1159 2410; x_wconf 88' lang='lat' dir='ltr'>quod</span> <span class='ocrx_word' id='word_1_284' title='bbox 1187 2372 1280 2412; x_wconf 80' lang='lat' dir='ltr'>cum]</span> <span class='ocrx_word' id='word_1_285' title='bbox 1305 2379 1379 2400; x_wconf 87' lang='lat' dir='ltr'>curn</span> <span class='ocrx_word' id='word_1_286' title='bbox 1402 2366 1545 2399; x_wconf 83' lang='lat' dir='ltr'><em>ABMR</em></span> 
     </span>
     <span class='ocr_line' id='line_1_35' title="bbox 220 2413 810 2454; baseline -0.003 -8"><span class='ocrx_word' id='word_1_287' title='bbox 220 2417 261 2446; x_wconf 83' lang='lat'>28</span> <span class='ocrx_word' id='word_1_288' title='bbox 284 2417 440 2454; x_wconf 80' lang='lat' dir='ltr'>idemque</span> <span class='ocrx_word' id='word_1_289' title='bbox 457 2425 478 2445; x_wconf 87' lang='lat' dir='ltr'>u</span> <span class='ocrx_word' id='word_1_290' title='bbox 497 2425 504 2445; x_wconf 76' lang='lat' dir='ltr'><em>z</em></span> <span class='ocrx_word' id='word_1_291' title='bbox 528 2415 705 2454; x_wconf 85' lang='lat' dir='ltr'>eidemque</span> <span class='ocrx_word' id='word_1_292' title='bbox 721 2413 810 2445; x_wconf 82' lang='lat' dir='ltr'>codd.</span> 
     </span>
    </p>
   </div>
   <div class='ocr_carea' id='block_1_4' title="bbox 1680 0 1746 2448">
    <p class='ocr_par' dir='ltr' id='par_1_12' title="bbox 1680 0 1746 2448">
     <span class='ocr_line' id='line_1_36' title="bbox 1680 0 1746 2448; baseline 0 0"><span class='ocrx_word' id='word_1_293' title='bbox 1680 0 1746 2448; x_wconf 95' lang='lat' dir='ltr'> </span> 
     </span>
    </p>
   </div>
  </div>
 </body>
</html>
