1746 2740
171 116 288 155 111.i
319 126 321 128 ’
639 110 895 156 CORNELI
925 116 1166 157 NEPOTIS

237 234 306 267 aut
338 226 435 280 quid
470 227 662 268 Aristides
699 227 973 277 commisisset,
1007 242 1077 268 cur
1113 236 1222 269 tanta
1258 243 1389 281 poena
1423 229 1567 282 dignus

199 303 221 335 4
240 293 458 332 duceretur.
516 292 580 333 cui
617 293 682 333 ille
719 293 922 346 respondit
954 307 997 334 se
1014 292 1016 294 ’
1034 293 1212 346 ignorare
1249 294 1461 344 Aristiden,
1494 298 1567 337 sed

240 357 316 398 sibi
344 372 426 398 non
454 360 620 409 placere,
651 360 762 411 quod
790 366 872 399 tam
901 359 1045 411 cupide
1070 360 1320 408 elaborasset,
1349 368 1392 400 ut
1414 368 1568 412 praeter

199 439 218 471 5
239 432 390 464 ceteros
434 426 566 463 Iustus
608 426 879 476 appellaretur.
947 425 1011 464 hic
1049 437 1078 464 x
1115 439 1309 465 annorum
1352 425 1566 477 legitimam

238 502 407 539 poenam
435 503 516 528 non
542 489 712 540 pertulit.
767 503 861 528 nam
885 497 1097 541 postquam
1120 492 1269 530 Xerxes
1295 489 1336 528 in
1360 491 1565 530 Graeciam
1586 505 1604 536 5

236 553 453 603 descendit,
475 562 586 593 sexto
608 556 688 594 fere
713 568 819 598 anno
841 569 961 606 quam
988 563 1068 594 erat
1091 557 1287 606 expulsus,
1307 553 1444 607 populi
1466 555 1566 595 scito

237 617 278 656 in
298 618 464 668 patriam
484 619 684 658 restitutus
704 627 773 658 est.

192 692 218 720 2
293 683 475 723 Interfuit
497 692 629 723 autem
650 698 805 736 pugnae
829 685 957 724 navali
979 687 1087 736 apud
1107 685 1315 734 Salamina,
1337 700 1440 737 quae
1462 688 1565 726 facta

236 756 295 787 est
321 748 426 799 prius
451 763 570 800 quam
594 763 724 800 poena
749 749 986 789 liberaretur.
1045 750 1152 790 idem
1175 759 1330 802 praetor
1352 751 1425 790 fuit
1444 752 1566 790 Athe-

235 813 432 852 niensium
465 816 572 866 apud
604 817 781 854 Plataeas
812 814 853 853 in
882 815 1042 866 proelio,
1073 830 1154 867 quo
1186 815 1420 855 Mardonius
1454 817 1563 855 fusus
1584 830 1624 852 ι)

200 892 216 913 2
236 878 570 930 barbarorumque
604 879 794 919 exercitus
827 879 1053 919 interfectus
1082 889 1152 920 est.
1210 894 1339 932 neque
1367 880 1474 920 aliud
1505 888 1563 920 est

235 945 360 982 ullum
403 943 518 983 huius
556 944 596 983 in
635 959 675 983 re
714 945 869 983 militari
906 945 1053 984 illustre
1095 947 1242 984 factum
1284 959 1404 996 quam
1446 945 1562 984 huius

236 1007 388 1059 imperii
413 1009 612 1057 memoria,
635 1009 805 1049 iustitiae
833 1024 926 1049 vero
952 1018 991 1050 et
1013 1010 1220 1062 aequitatis
1244 1018 1283 1049 et
1311 1011 1562 1050 innocentiae

236 1074 369 1121 multa,
401 1074 441 1112 in
472 1074 607 1125 primis
634 1076 743 1126 quod
770 1075 854 1114 eius
887 1076 1086 1127 aequitate
1116 1078 1264 1116 factum
1298 1084 1368 1124 est,
1399 1090 1490 1116 cum
1520 1077 1561 1115 in

224 1136 438 1177 *communi
468 1141 591 1179 classe
624 1148 726 1179 esset
761 1140 950 1181 Graeciae
981 1141 1097 1180 simul
1130 1155 1220 1180 cum
1255 1142 1450 1180 Pausania
1479 1156 1561 1193 quo
1582 1157 1619 1191 ¹5

234 1205 336 1243 duce
358 1205 591 1244 Mardonius
611 1214 692 1245 erat
711 1207 877 1257 fugatuS‚
898 1214 941 1245 ut
961 1220 1115 1245 summa
1135 1206 1288 1257 imperii
1307 1206 1491 1246 maritimi
1509 1207 1561 1246 ab

195 1280 214 1311 3
235 1270 561 1308 Lacedaemoniis
587 1273 854 1310 transferretur
878 1273 930 1311 ad
956 1272 1242 1311 Athenienses:
1273 1285 1444 1322 namque
1469 1280 1561 1310 ante

234 1332 275 1372 id
295 1341 451 1384 tempus
471 1342 509 1373 et
530 1335 626 1373 mari
645 1342 684 1374 et
704 1343 803 1374 terra
825 1337 947 1376 duces
967 1344 1077 1375 erant
1100 1336 1417 1375 Lacedaemonii.
1476 1344 1559 1374 tum

233 1406 365 1437 autem
393 1406 431 1437 et
462 1398 766 1450 intemperantia
804 1400 1022 1439 Pausaniae
1055 1409 1093 1439 et
1132 1400 1278 1439 iustitia
1314 1402 1463 1439 sactum
1500 1409 1559 1440 est

233 1461 427 1510 Aristidis,
449 1470 492 1501 ut
512 1477 651 1502 omnes
670 1465 750 1503 fere
774 1464 950 1504 civitates
970 1465 1159 1504 Graeciae
1181 1466 1233 1504 ad
1254 1465 1558 1504 Atheniensium
1580 1482 1620 1504 πο

232 1526 462 1566 societatem
493 1542 535 1567 se
563 1529 805 1579 applicarent
834 1538 872 1569 et
901 1531 1088 1569 adversus
1118 1531 1306 1570 barbaros
1334 1532 1408 1570 hos
1436 1532 1559 1570 duces

233 1591 449 1642 deligerent
477 1593 563 1632 sibi.

189 1660 214 1698 3
287 1658 400 1707 Quos
429 1671 509 1709 quo
538 1659 688 1697 facilius
717 1661 958 1710 repellerent,
994 1660 1027 1699 si
1060 1662 1158 1700 forte
1191 1662 1340 1700 bellum
1373 1675 1559 1701 renovare

233 1731 477 1772 conarentur,
517 1726 569 1763 ad
611 1724 744 1763 classis
781 1725 1048 1765 aedificandas
1091 1726 1361 1777 exercitusque
1402 1740 1559 1777 compa-

233 1790 377 1828 randos
403 1798 595 1839 quantum
622 1790 814 1840 pecuniae
842 1804 1023 1842 quaeque
1051 1791 1186 1830 civitas
1215 1792 1335 1839 daret,
1366 1791 1558 1831 Aristides
1579 1808 1616 1839 ²5

233 1854 409 1892 delectus
438 1862 496 1893 est
525 1854 592 1904 qui
619 1855 883 1903 constitueret,
915 1854 1079 1906 eiusque
1105 1855 1264 1895 arbitrio
1290 1856 1559 1906 quadringena

233 1925 271 1957 et
295 1932 486 1969 sexagena
510 1921 655 1958 talenta
675 1919 886 1969 quotannis
913 1922 1057 1959 Delum
1082 1928 1174 1959 sunt
1198 1922 1362 1959 collata:
1391 1920 1432 1959 id
1451 1920 1558 1960 enim

233 1996 446 2022 commune
476 1983 666 2023 aerarium
701 1997 786 2023 esse
819 1986 1039 2023 voluerunt.
1096 1998 1197 2035 quae
1228 1984 1357 2023 omnis
1390 1985 1558 2035 pecunia

197 2062 212 2084 ι
233 2055 391 2097 postero
429 2055 606 2098 tempore
643 2049 821 2087 Athenas
864 2050 1048 2087 translata
1086 2057 1153 2088 est.
1226 2048 1290 2087 hie
1328 2062 1406 2098 qua
1443 2049 1557 2088 fuerit

231 2111 479 2160 abstinentia,
513 2114 664 2151 nullum
694 2120 752 2151 est
781 2113 923 2152 certius
954 2113 1145 2152 indicium
1176 2127 1295 2164 quam
1323 2115 1432 2163 quod,
1464 2127 1555 2152 cum
1575 2129 1617 2161 30

233 2176 349 2215 tantis
373 2177 490 2216 rebus
510 2176 753 2227 praefuisset,
773 2177 813 2215 in
838 2185 945 2216 tanta
970 2185 1199 2229 paupertate
1225 2177 1403 2225 decessit,
1426 2186 1468 2216 ut
1487 2177 1555 2228 qui

274 2289 296 2319 3
318 2278 504 2311 laborasset
538 2279 639 2311 Fleck.
773 2282 795 2311 6
818 2281 999 2320 plebiscito
1038 2281 1068 2312 ς
1181 2291 1279 2318 10‚11
1308 2280 1414 2312 Mard.
1443 2281 1554 2313 interf.

232 2322 519 2363 barbarorumque
536 2333 590 2354 ex.
609 2323 704 2354 susus
726 2328 779 2355 est
803 2324 1030 2355 Kellerbauer:
1057 2324 1150 2354 susus
1174 2324 1229 2356 del.
1250 2323 1370 2364 Lupus
1517 2334 1555 2355 12

230 2375 330 2404 quam
345 2366 418 2396 eius
428 2366 536 2396 Halm
636 2367 690 2406 26,
708 2376 749 2407 27
773 2367 1024 2407 quadringenta
1039 2371 1073 2398 et
1089 2368 1269 2407 sexaginta
1292 2366 1424 2398 BMRu
1511 2378 1556 2410 30

230 2409 320 2447 quod
337 2408 413 2441 add.
431 2408 551 2442 anb·
