1746 2740
140 120 253 162 XIX.
271 121 319 160 iv
616 118 871 160 CORNELI
902 116 1143 158 NEPOTIS

226 231 472 284 Euphiletus,
494 243 575 282 quo
603 229 841 270 familiariter
865 231 990 270 fuerat
1015 243 1120 269 usus.
1154 239 1156 241 “
1177 229 1210 269 is
1229 243 1320 269 cum
1343 229 1550 270 lacrimans

223 296 384 337 dixisset
406 300 415 318 ‘
427 310 453 336 o
472 309 592 348 quam
611 295 774 347 indigna
796 294 1020 346 perpeteris,
1043 294 1221 334 Phocion
1238 296 1267 334 !'
1286 294 1378 334 huic
1403 294 1469 334 ille
1489 297 1551 333 ‘at

223 375 305 402 non
334 362 557 414 inopinata'
586 360 736 412 inquit:
779 362 907 400 ‘hunc
934 360 1039 400 enim
1070 360 1216 399 exitum
1254 359 1430 411 plerique
1457 358 1550 398 clari

184 442 205 473 4
223 427 293 466 viri
323 428 545 467 habuerunt
578 426 867 466 Athenienses!
934 425 974 464 in
1008 426 1084 465 hoc
1118 432 1271 465 tantum
1309 424 1382 464 fuit
1411 424 1549 464 odium

153 528 156 531 Α
223 492 497 540 multitudinis,
519 499 562 532 ut
581 504 701 532 nemo
726 504 845 530 ausus
867 489 918 530 sit
942 503 1034 530 eum
1061 489 1158 530 liber
1184 489 1358 542 sepelire.
1415 489 1548 541 itaque
1565 500 1585 535 5

208 571 245 597 -a
263 557 383 598 servis
402 558 578 609 sepultus
597 563 667 596 est.

184 693 202 721 1
275 686 505 724 T1MOLEON
544 682 783 724 Corinthius.
861 682 945 722 sine
986 681 1111 722 dubio
1158 695 1323 733 magnus
1370 681 1547 722 omnium

220 748 368 789 iudicio
397 749 462 789 hic
491 748 547 788 vir
579 747 736 788 exstitit.
795 761 968 798 namque
1001 747 1094 787 huic
1127 747 1195 786 uni
1229 746 1403 798 contigit,
1439 748 1548 798 quod

220 814 357 855 nescio
375 828 427 854 an
446 813 555 861 nulli,
577 821 620 852 ut
646 820 685 853 et
711 812 886 864 patriam,
909 812 949 852 in
970 826 1049 863 qua
1067 820 1149 852 erat
1172 820 1297 861 natus,
1320 826 1547 863 oppressam

219 893 244 920 a
271 887 438 931 tyranno
466 879 657 926 liberaret,
688 885 727 918 et
754 891 779 917 a
815 877 1077 928 Syracusanis,
1109 877 1253 928 quibus
1289 876 1434 916 auxilio
1466 885 1547 916 erat
1570 892 1608 916 10

221 944 373 992 missus,
409 944 488 984 iam
521 944 775 983 inveteratam
820 942 1045 982 servitutem
1090 944 1303 994 depelleret
1343 950 1547 993 totamque

220 1008 404 1058 Siciliam,
441 1011 586 1049 multos
616 1021 743 1048 annos
780 1008 885 1047 bello
919 1015 1102 1047 vexatam·
1129 1021 1154 1046 a
1191 1007 1443 1058 barbarisque
1481 1021 1548 1058 op-

183 1092 198 1114 2
220 1087 405 1125 pressam,
428 1087 501 1114 suo
528 1075 702 1114 adventu
731 1072 772 1112 in
801 1072 1008 1124 pristinum
1037 1072 1266 1113 restitueret.
1325 1075 1396 1113 sed
1418 1072 1459 1112 in
1485 1072 1546 1112 his

218 1139 335 1179 rebus
373 1153 454 1179 non
492 1138 660 1190 simplici
698 1139 855 1178 fortuna
891 1138 1139 1178 conflictatus
1177 1145 1236 1178 est
1273 1146 1322 1187 et,
1358 1137 1399 1178 id
1437 1139 1547 1189 quod

218 1202 415 1243 difficilius
452 1211 620 1255 putatur,
655 1204 781 1243 multo
810 1202 1024 1254 sapientius
1055 1202 1143 1242 tulit
1176 1204 1392 1243 secundam
1426 1216 1544 1254 quam
1569 1216 1605 1249 ¹⁵

181 1285 200 1316 3
217 1269 422 1309 adversam
442 1270 650 1308 fortunam.
708 1281 799 1307 nam
821 1281 912 1306 eum
932 1268 1048 1307 frater
1066 1267 1150 1307 eius
1170 1267 1451 1318 Timophanes,
1466 1269 1545 1307 dux

217 1347 241 1373 a
261 1333 476 1376 Corinthiis
499 1335 687 1382 delectus,
716 1332 963 1384 tyrannidem
992 1346 1061 1384 per
1088 1332 1228 1372 milites
1256 1333 1544 1373 mercennarios

218 1406 450 1450 occupasset
487 1398 761 1450 particepsque
798 1397 907 1449 regni
950 1405 1083 1449 posset
1121 1411 1216 1446 esse,
1257 1405 1409 1437 tantum
1446 1398 1543 1437 afuit

216 1477 240 1502 a
259 1463 447 1503 societate
467 1463 633 1512 sceleris,
656 1470 699 1502 ut
718 1461 941 1502 antetulerit
967 1462 1110 1501 civium
1139 1476 1298 1502 suorum
1322 1462 1542 1502 libertatem

216 1527 341 1568 fratris
367 1528 482 1568 saluti
505 1536 544 1568 et
569 1542 703 1580 parere
729 1527 880 1579 legibus
907 1541 1025 1578 quam
1046 1527 1237 1578 imperare
1256 1527 1402 1579 patriae
1421 1527 1542 1567 satius
1562 1542 1604 1566 ιο

177 1609 198 1640 4
216 1593 380 1634 duxerit.
439 1595 513 1634 hac
527 1602 658 1634 mente
671 1607 739 1645 per
754 1592 1002 1644 haruspicem
1018 1606 1353 1644 communemque
1371 1593 1540 1641 affinem,

216 1658 280 1698 cui
311 1671 420 1698 soror
449 1673 497 1699 ex
527 1659 677 1699 eisdem
715 1657 943 1709 parentibus
981 1665 1073 1697 nata
1106 1665 1230 1709 nupta
1259 1665 1351 1706 erat,
1386 1659 1542 1697 fratrem

216 1730 423 1774 tyrannum
450 1723 769 1763 interficiundum
801 1722 958 1762 curavit.
1027 1722 1111 1774 ipse
1140 1736 1221 1762 non
1251 1723 1372 1762 modo
1401 1735 1540 1762 manus

216 1801 297 1828 non
325 1788 465 1837 attulit,
496 1790 566 1828 sed
595 1802 645 1828 ne
673 1787 849 1839 aspicere
878 1787 1039 1839 quidem
1069 1789 1280 1827 fraternum
1310 1787 1540 1839 sanguinem

215 1853 350 1893 voluit.
407 1867 499 1893 nam
519 1856 615 1894 dum
636 1867 696 1894 res
716 1855 985 1902 conficeretur,
1007 1855 1143 1905 procul
1173 1853 1212 1892 in
1238 1854 1433 1905 praesidio
1455 1853 1538 1902 fuit,
1561 1867 1599 1901 ²5

177 1935 195 1968 5
216 1933 267 1960 ne
300 1919 387 1971 quis
421 1921 575 1960 satelles
608 1927 742 1971 posset
775 1933 1009 1960 succurrere.
1081 1920 1158 1959 hoc
1188 1918 1539 1969 praeclarissimum

217 1984 300 2024 eius
338 1986 484 2024 factum
515 1999 596 2024 non
628 1985 710 2036 pari
743 1986 866 2024 modo
899 1985 1107 2035 probatum
1146 1992 1205 2024 est
1241 1984 1293 2023 ab
1331 1983 1539 2024 omnibus:

214 2049 395 2089 nonnulli
424 2049 530 2089 enim
559 2052 705 2090 laesam
734 2050 786 2088 ab
815 2062 863 2088 eo
891 2048 1077 2100 pietatem
1106 2049 1298 2100 putabant
1327 2057 1365 2089 et
1393 2048 1540 2089 invidia

212 2115 371 2154 laudem
405 2114 557 2154 virtutis
587 2115 831 2155 obterebant.
905 2121 1028 2153 mater
1057 2127 1149 2153 vero
1187 2122 1276 2165 post
1313 2113 1354 2153 id
1391 2115 1537 2153 factum

213 2193 343 2231 neque
358 2181 523 2220 domum
543 2181 594 2220 ad
614 2194 656 2220 se
676 2180 800 2219 filium
820 2179 978 2219 admisit
999 2192 1128 2230 neque
1147 2179 1307 2230 aspexit,
1329 2179 1425 2230 quin
1445 2192 1535 2218 eum
1557 2190 1598 2222 30

255 2294 277 2324 9
301 2284 383 2316 nulli
414 2285 552 2317 Lamb.:
579 2284 635 2316 ulli
664 2283 753 2316 codd.
864 2294 906 2315 20
937 2284 1067 2324 patriae
1092 2292 1212 2324 parere
1241 2282 1309 2322 leg.
1333 2292 1431 2324 quam
1455 2282 1533 2323 imp.

212 2328 317 2360 satius
337 2327 410 2367 Gis.
417 2328 484 2370 (3):
509 2333 593 2368 patr.
620 2329 689 2368 leg
705 2328 940 2368 obtemperare
964 2328 1070 2359 satius
1099 2329 1224 2368 (sanct-
1250 2326 1303 2369 M)
1332 2327 1410 2358 dux.
1437 2336 1535 2366 quam

213 2372 293 2411 imp
315 2371 445 2412 patriae
462 2370 534 2402 MR
725 2381 766 2410 27
791 2371 864 2403 eius
880 2371 1010 2402 facinus
1026 2369 1122 2401 MRu
