1746 2740
154 117 282 156 XXV.
304 128 368 156 xx
641 119 893 159 CORNELI
924 119 1164 159 NEPOTIS

237 229 290 268 ab
318 229 416 269 urbe
443 230 613 279 abesset,
632 243 851 281 numquam
880 231 932 270 ad
961 243 1121 270 suorum
1150 243 1390 282 quemquam
1418 229 1566 270 litteras

241 292 360 342 misit,
400 293 496 345 quin
531 294 666 334 Attico
703 294 886 342 mitteret,
920 294 1018 346 quid
1045 302 1189 346 ageret,
1222 294 1262 334 in
1302 293 1437 346 primis
1468 292 1566 346 quid

203 372 219 394 2
239 359 383 408 legeret
402 358 627 411 quibusque
652 359 692 398 in
719 359 816 399 locis
842 367 881 400 et
904 359 1095 411 quamdiu
1121 366 1223 400 esset
1243 366 1475 407 moraturus,
1495 359 1567 398 sed

239 422 369 471 etiam,
391 438 482 463 cum
509 432 612 464 esset
641 424 681 464 in
710 425 808 464 urbe
836 432 875 464 et
903 432 1063 476 propter
1085 424 1258 464 infinitas
1283 437 1373 464 suas
1401 437 1568 474 occupa-

240 487 367 527 tiones
402 488 532 528 minus
565 503 694 541 saepe,
725 503 844 541 quam
878 492 1006 538 vellet,
1039 489 1174 530 Attico
1203 491 1403 538 frueretur,
1434 490 1566 528 nullus
1585 501 1603 533 5

239 552 328 606 dies*
362 561 509 595 temere
542 554 772 603 intercessit,
806 569 887 606 quo
919 569 1002 595 non
1035 556 1087 594 ad
1120 569 1211 595 eum
1244 554 1442 602 scriberet,
1473 567 1565 594 cum

240 619 362 657 modo
395 618 544 670 aliquid
577 621 629 660 de
664 619 898 671 antiquitate
931 621 983 659 ab
1016 634 1065 659 eo
1098 619 1320 671 requireret,
1351 620 1474 660 modo
1500 618 1567 658 ali·

240 696 359 733 quam
379 684 653 735 quaestionem
673 685 870 736 poeticam
891 685 927 725 ei
947 693 1199 737 proponeret,
1212 685 1409 725 interdurn
1430 684 1566 724 iocans

202 763 221 795 3
239 747 323 787 eius
353 749 596 790 verbosiores
634 750 793 790 eliceret
825 750 1021 802 epistulas.
1080 764 1127 790 ex
1165 763 1246 801 quo
1283 748 1438 798 accidit,
1472 762 1564 788 cum

238 812 348 852 aedis
388 814 495 854 Iovis
534 815 680 854 Feretri
718 815 759 854 in
794 815 1003 867 Capitolio,
1039 816 1092 855 ab
1131 816 1306 855 Romulo
1339 813 1563 861 constituta,
1587 827 1627 850 ro

239 884 433 918 vetustate
461 887 581 930 atque
610 880 760 920 incuria
788 882 945 920 detecta
973 881 1250 932 prolaberetur,
1279 887 1322 918 ut
1350 878 1472 918 Attici
1499 879 1566 918 ad-

201 958 221 988 4
241 943 394 982 monitu
435 934 582 985 Caesar
614 958 702 984 eam
736 945 990 985 reficiendam
1030 952 1191 984 curaret.
1262 957 1392 994 neque
1424 957 1517 983 vero
1540 956 1566 982 a

242 1008 301 1046 M.
321 1008 500 1048 Antonio
529 1009 659 1049 minus
682 1010 827 1050 absens
852 1009 988 1049 litteris
1018 1009 1230 1057 colebatur,
1253 1009 1355 1048 adeo
1383 1015 1426 1047 ut
1452 1021 1565 1047 accu-

240 1079 321 1111 rate
350 1072 415 1113 ille
443 1087 491 1113 ex
519 1074 681 1114 ultumis
710 1074 830 1123 terris,
862 1074 959 1126 quid
987 1081 1130 1125 ageret,
1156 1087 1272 1113 curae
1301 1072 1375 1112 sibi
1402 1072 1566 1111 haberet

203 1155 220 1186 5
239 1137 444 1178 certiorem
464 1139 592 1178 facere
611 1139 800 1178 Atticum.
850 1141 927 1179 hoc
946 1141 1063 1190 quale
1082 1138 1141 1186 sit,
1159 1137 1310 1177 facilius
1329 1136 1565 1177 existimabit
1587 1151 1624 1185 ¹5

238 1201 281 1249 is,
313 1202 382 1253 qui
410 1202 584 1243 iudicare
612 1204 764 1255 poterit,
794 1212 967 1255 quantae
994 1204 1043 1243 sit
1071 1203 1286 1255 sapientiae
1315 1216 1451 1242 eorum
1479 1200 1566 1242 reti·

239 1281 333 1307 nere
352 1281 468 1307 usum
489 1269 892 1320 benivolentiamque,
911 1269 1012 1309 inter
1031 1283 1132 1320 quos
1158 1268 1415 1308 maximarum
1435 1281 1563 1307 rerum

239 1345 320 1371 non
354 1334 482 1372 solum
515 1334 739 1383 aemulatio,
776 1335 847 1374 sed
877 1333 1112 1374 obtrectatio
1142 1341 1250 1373 tanta
1283 1332 1561 1380 intercedebat,

210 1408 219 1415 ·
239 1401 428 1447 quantam
448 1397 520 1436 fuit
544 1397 719 1438 incidere
748 1412 910 1438 necesse
933 1397 1034 1438 inter
1060 1399 1268 1438 Caesarem
1297 1405 1415 1448 atque
1441 1399 1564 1443 Anto·

238 1461 364 1510 nium,
383 1475 475 1501 cum
501 1476 543 1502 se
566 1470 730 1514 uterque
750 1463 968 1514 principem
993 1476 1075 1502 non
1101 1464 1229 1502 solum
1259 1462 1366 1502 urbis
1396 1463 1561 1509 Romae,
1584 1476 1624 1500 ιο

239 1527 310 1566 sed
330 1526 435 1566 orbis
455 1534 642 1567 terrarum
662 1541 748 1568 esse
766 1536 937 1580 cuperet.

179 1601 223 1629 21
295 1591 383 1630 Tali
412 1594 535 1632 modo
562 1606 654 1632 curn
681 1605 738 1632 v11
768 1601 807 1633 et
837 1605 921 1632 Lxx
948 1607 1074 1633 annos
1103 1596 1339 1646 complesset
1366 1601 1485 1645 atque
1511 1593 1564 1633 ad

233 1663 454 1721 extremam
474 1664 717 1696 senectutem
741 1671 824 1697 non
851 1658 982 1698 minus
1002 1659 1192 1710 dignitate
1212 1673 1331 1710 quam
1351 1658 1473 1710 gratia
1491 1659 1564 1697 for-

233 1700 415 1772 tubaque
447 1721 630 1761 crevisset
663 1723 824 1774 <multas
859 1723 964 1763 enim
1006 1724 1242 1764 hereditates
1276 1725 1383 1763 nulla
1414 1723 1491 1762 alia
1522 1735 1563 1761 re

239 1798 358 1835 quam
389 1785 566 1826 bonitate
599 1796 836 1827 consecutus
867 1796 1055 1840 tantaque
1094 1788 1350 1840 prosperitate
1383 1801 1476 1827 usus
1503 1795 1562 1827 est
1582 1798 1623 1831 25

202 1868 217 1890 2
237 1850 483 1899 valetudinis,
505 1858 548 1890 ut
570 1851 684 1891 annis
708 1852 864 1904 triginta
891 1853 1087 1902 medicina
1116 1867 1197 1893 non
1226 1851 1473 1904 indiguisset)
1498 1865 1563 1891 na-

237 1922 324 1954 ctus
343 1922 402 1954 est
422 1916 616 1964 morbum,
638 1930 757 1968 quem
786 1918 898 1957 initio
924 1926 963 1957 et
986 1918 1069 1969 ipse
1093 1926 1132 1957 et
1155 1917 1299 1957 medici
1319 1924 1573 1968 contempse->

238 1987 327 2018 runt
342 1974 354 2018 :⁵
393 1993 484 2019 nam
516 1988 702 2031 putarunt
737 1996 822 2022 esse
861 1990 1079 2031 tenesmon,
1119 1982 1183 2022 cui
1217 1982 1390 2022 remedia
1422 1980 1563 2021 celeria

201 2043 444 2095 3faciliaque
482 2047 813 2097 proponebantur.
883 2048 922 2086 in
956 2049 1033 2087 hoc
1064 2061 1154 2087 cum
1185 2055 1260 2087 tres
1290 2060 1444 2087 menses
1477 2046 1561 2086 sine

237 2108 325 2148 ullis
362 2109 579 2159 doloribus,
613 2120 884 2163 praeterquam
919 2126 1019 2163 quos
1053 2127 1100 2152 ex
1133 2112 1335 2152 curatione
1367 2110 1556 2162 capiebat,
1578 2125 1622 2158 30

284 2216 296 2237 1
323 2216 525 2256 quamquam
542 2208 640 2240 Fleck.
776 2222 794 2249 4
821 2210 913 2242 infin.
934 2219 1013 2241 suas
1027 2210 1112 2250 Gis.
1137 2220 1215 2241 suas
1231 2209 1323 2241 infin.
1344 2208 1407 2240 r.elI
1539 2210 1561 2240 6

236 2249 425 2282 intercessit
448 2250 568 2284 Lamb.
587 2256 618 2283 et
636 2251 703 2284 cod.
730 2252 876 2285 Schottr:
907 2253 1140 2285 intercesserit
1163 2253 1226 2285 rell.
1359 2262 1434 2283 cum
1458 2252 1560 2283 modo

237 2291 350 2325 Leid.:
373 2304 440 2334 quo
462 2305 516 2326 mo
542 2296 602 2327 A:
634 2306 702 2335 quo
719 2306 786 2327 non
801 2297 865 2328 rell.
1013 2307 1050 2336 14
1074 2306 1118 2327 ex
1137 2295 1263 2327 ultimis
1283 2294 1438 2337 (ultumis
1455 2294 1558 2335 Roth)

235 2336 335 2367 terris
351 2337 486 2369 Aldus:
511 2339 590 2369 exul
607 2343 677 2370 tum
696 2339 787 2378 (curn
804 2339 888 2381 ΒΗ)
916 2340 968 2371 his
986 2341 1086 2371 terris
1100 2338 1231 2370 ΑΒΗ·
1223 2363 1230 2370 .
1254 2338 1333 2370 exul
1349 2349 1422 2370 cum
1440 2338 1560 2370 litteris

234 2378 269 2409 R
403 2391 443 2420 19
466 2382 615 2413 incidere
640 2382 711 2414 incl.
738 2382 881 2414 Rosius:
907 2383 1119 2414 intercedere
1135 2381 1246 2413 Aldus
1376 2390 1419 2421 25
1439 2391 1559 2413 conse-

235 2427 333 2454 cutus
357 2428 409 2455 est
431 2424 532 2456 Fleck.
551 2436 558 2458 :
602 2430 654 2456 est
686 2435 778 2457 cons.
811 2425 929 2457 Lamb.
1065 2425 1133 2467 est]
1152 2430 1242 2457 esset
1265 2425 1384 2456 Lamb.
