<?xml version="1.0" encoding="UTF-8"?>
<!DOCTYPE html PUBLIC "-//W3C//DTD XHTML 1.0 Transitional//EN"
    "http://www.w3.org/TR/xhtml1/DTD/xhtml1-transitional.dtd">
<html xmlns="http://www.w3.org/1999/xhtml" xml:lang="en" lang="en">
 <head>
  <title>
</title>
<meta http-equiv="Content-Type" content="text/html;charset=utf-8" />
  <meta name='ocr-system' content='tesseract 3.04.00' />
  <meta name='ocr-capabilities' content='ocr_page ocr_carea ocr_par ocr_line ocrx_word'/>
</head>
<body>
  <div class='ocr_page' id='page_1' title='image "./vitaerecognovitb00nepouoft_0063.png"; bbox 0 0 1746 2740; ppageno 0'>
   <div class='ocr_carea' id='block_1_1' title="bbox 684 147 1611 188">
    <p class='ocr_par' dir='ltr' id='par_1_1' title="bbox 684 147 1611 188">
     <span class='ocr_line' id='line_1_1' title="bbox 684 147 1611 188; baseline 0 0"><span class='ocrx_word' id='word_1_1' title='bbox 684 147 1025 188; x_wconf 90' lang='lat' dir='ltr'>TIMOTHEVS</span> <span class='ocrx_word' id='word_1_2' title='bbox 1438 148 1557 188; x_wconf 90' lang='lat' dir='ltr'>XIII.</span> <span class='ocrx_word' id='word_1_3' title='bbox 1579 147 1611 187; x_wconf 78' lang='lat' dir='ltr'>ii</span> 
     </span>
    </p>
   </div>
   <div class='ocr_carea' id='block_1_2' title="bbox 128 259 1570 2149">
    <p class='ocr_par' dir='ltr' id='par_1_2' title="bbox 188 259 1527 500">
     <span class='ocr_line' id='line_1_2' title="bbox 188 259 1524 316; baseline -0.002 -13"><span class='ocrx_word' id='word_1_4' title='bbox 188 269 417 316; x_wconf 89' lang='lat' dir='ltr'>posuerunt.</span> <span class='ocrx_word' id='word_1_5' title='bbox 475 260 543 313; x_wconf 92' lang='lat' dir='ltr'>qui</span> <span class='ocrx_word' id='word_1_6' title='bbox 562 261 694 301; x_wconf 93' lang='lat' dir='ltr'>honos</span> <span class='ocrx_word' id='word_1_7' title='bbox 710 259 805 300; x_wconf 92' lang='lat' dir='ltr'>huic</span> <span class='ocrx_word' id='word_1_8' title='bbox 828 259 896 300; x_wconf 87' lang='lat' dir='ltr'>uni</span> <span class='ocrx_word' id='word_1_9' title='bbox 916 267 1009 300; x_wconf 89' lang='lat' dir='ltr'>ante</span> <span class='ocrx_word' id='word_1_10' title='bbox 1033 260 1074 301; x_wconf 93' lang='lat' dir='ltr'>id</span> <span class='ocrx_word' id='word_1_11' title='bbox 1094 268 1253 313; x_wconf 89' lang='lat' dir='ltr'>tempus</span> <span class='ocrx_word' id='word_1_12' title='bbox 1271 260 1448 312; x_wconf 90' lang='lat' dir='ltr'>contigit,</span> <span class='ocrx_word' id='word_1_13' title='bbox 1468 268 1524 310; x_wconf 92' lang='lat' dir='ltr'>ut,</span> 
     </span>
     <span class='ocr_line' id='line_1_3' title="bbox 188 325 1523 380; baseline -0.002 -11"><span class='ocrx_word' id='word_1_14' title='bbox 188 343 280 369; x_wconf 92' lang='lat' dir='ltr'>cum</span> <span class='ocrx_word' id='word_1_15' title='bbox 315 328 414 380; x_wconf 80' lang='lat' dir='ltr'>patri</span> <span class='ocrx_word' id='word_1_16' title='bbox 445 328 617 380; x_wconf 92' lang='lat' dir='ltr'>populus</span> <span class='ocrx_word' id='word_1_17' title='bbox 650 334 820 366; x_wconf 91' lang='lat' dir='ltr'>statuam</span> <span class='ocrx_word' id='word_1_18' title='bbox 851 326 1060 378; x_wconf 87' lang='lat' dir='ltr'>posuisset,</span> <span class='ocrx_word' id='word_1_19' title='bbox 1093 325 1178 367; x_wconf 93' lang='lat' dir='ltr'>filio</span> <span class='ocrx_word' id='word_1_20' title='bbox 1203 340 1365 379; x_wconf 92' lang='lat' dir='ltr'>quoque</span> <span class='ocrx_word' id='word_1_21' title='bbox 1401 328 1523 367; x_wconf 92' lang='lat' dir='ltr'>daret.</span> 
     </span>
     <span class='ocr_line' id='line_1_4' title="bbox 188 391 1527 445; baseline -0.001 -11"><span class='ocrx_word' id='word_1_22' title='bbox 188 394 246 435; x_wconf 93' lang='lat' dir='ltr'>sic</span> <span class='ocrx_word' id='word_1_23' title='bbox 278 394 385 433; x_wconf 85' lang='lat' dir='ltr'>iuxta</span> <span class='ocrx_word' id='word_1_24' title='bbox 422 392 551 445; x_wconf 89' lang='lat' dir='ltr'>posita</span> <span class='ocrx_word' id='word_1_25' title='bbox 587 405 727 432; x_wconf 91' lang='lat' dir='ltr'>recens</span> <span class='ocrx_word' id='word_1_26' title='bbox 756 391 827 431; x_wconf 88' lang='lat' dir='ltr'>filii</span> <span class='ocrx_word' id='word_1_27' title='bbox 854 399 1028 432; x_wconf 88' lang='lat' dir='ltr'>veterem</span> <span class='ocrx_word' id='word_1_28' title='bbox 1061 391 1181 445; x_wconf 88' lang='lat' dir='ltr'>patris</span> <span class='ocrx_word' id='word_1_29' title='bbox 1212 391 1414 432; x_wconf 90' lang='lat' dir='ltr'>renovavit</span> <span class='ocrx_word' id='word_1_30' title='bbox 1448 406 1527 433; x_wconf 88' lang='lat' dir='ltr'>me-</span> 
     </span>
     <span class='ocr_line' id='line_1_5' title="bbox 190 460 366 500; baseline -0.011 0"><span class='ocrx_word' id='word_1_31' title='bbox 190 460 366 500; x_wconf 88' lang='lat' dir='ltr'>moriam.</span> 
     </span>
    </p>

    <p class='ocr_par' dir='ltr' id='par_1_3' title="bbox 151 523 1570 839">
     <span class='ocr_line' id='line_1_6' title="bbox 151 523 1570 576; baseline -0.001 -11"><span class='ocrx_word' id='word_1_32' title='bbox 151 540 170 573; x_wconf 87' lang='lat'><strong>5</strong></span> <span class='ocrx_word' id='word_1_33' title='bbox 245 525 325 565; x_wconf 92' lang='lat' dir='ltr'>Hic</span> <span class='ocrx_word' id='word_1_34' title='bbox 344 538 436 564; x_wconf 90' lang='lat' dir='ltr'>cum</span> <span class='ocrx_word' id='word_1_35' title='bbox 456 531 559 564; x_wconf 91' lang='lat' dir='ltr'>esset</span> <span class='ocrx_word' id='word_1_36' title='bbox 580 536 725 576; x_wconf 90' lang='lat' dir='ltr'>magno</span> <span class='ocrx_word' id='word_1_37' title='bbox 745 530 841 563; x_wconf 90' lang='lat' dir='ltr'>natu</span> <span class='ocrx_word' id='word_1_38' title='bbox 865 531 904 563; x_wconf 89' lang='lat' dir='ltr'>et</span> <span class='ocrx_word' id='word_1_39' title='bbox 926 523 1173 576; x_wconf 85' lang='lat' dir='ltr'><strong>magistratus</strong></span> <span class='ocrx_word' id='word_1_40' title='bbox 1192 536 1326 575; x_wconf 83' lang='lat' dir='ltr'>gerere</span> <span class='ocrx_word' id='word_1_41' title='bbox 1345 523 1523 572; x_wconf 87' lang='lat' dir='ltr'>desisset,</span> <span class='ocrx_word' id='word_1_42' title='bbox 1545 529 1570 568; x_wconf 84' lang='lat'>3</span> 
     </span>
     <span class='ocr_line' id='line_1_7' title="bbox 188 589 1527 641; baseline -0.001 -10"><span class='ocrx_word' id='word_1_43' title='bbox 188 590 295 631; x_wconf 91' lang='lat' dir='ltr'>bello</span> <span class='ocrx_word' id='word_1_44' title='bbox 329 590 595 630; x_wconf 87' lang='lat' dir='ltr'>Athenienses</span> <span class='ocrx_word' id='word_1_45' title='bbox 633 589 813 640; x_wconf 90' lang='lat' dir='ltr'>undique</span> <span class='ocrx_word' id='word_1_46' title='bbox 845 589 971 641; x_wconf 88' lang='lat' dir='ltr'>premi</span> <span class='ocrx_word' id='word_1_47' title='bbox 1002 597 1095 629; x_wconf 92' lang='lat' dir='ltr'>sunt</span> <span class='ocrx_word' id='word_1_48' title='bbox 1127 589 1273 641; x_wconf 89' lang='lat' dir='ltr'>coepti.</span> <span class='ocrx_word' id='word_1_49' title='bbox 1328 590 1527 630; x_wconf 87' lang='lat' dir='ltr'>defecerat</span> 
     </span>
     <span class='ocr_line' id='line_1_8' title="bbox 189 655 1524 707; baseline -0.001 -11"><span class='ocrx_word' id='word_1_50' title='bbox 189 658 341 705; x_wconf 86' lang='lat' dir='ltr'>Samus,</span> <span class='ocrx_word' id='word_1_51' title='bbox 372 656 564 696; x_wconf 88' lang='lat' dir='ltr'>descierat</span> <span class='ocrx_word' id='word_1_52' title='bbox 594 657 894 707; x_wconf 89' lang='lat' dir='ltr'>Hellespontus,</span> <span class='ocrx_word' id='word_1_53' title='bbox 926 655 1132 707; x_wconf 87' lang='lat' dir='ltr'>Philippus</span> <span class='ocrx_word' id='word_1_54' title='bbox 1159 655 1237 695; x_wconf 92' lang='lat' dir='ltr'>iam</span> <span class='ocrx_word' id='word_1_55' title='bbox 1266 663 1351 695; x_wconf 90' lang='lat' dir='ltr'>tum</span> <span class='ocrx_word' id='word_1_56' title='bbox 1378 657 1524 703; x_wconf 89' lang='lat' dir='ltr'>valens,</span> 
     </span>
     <span class='ocr_line' id='line_1_9' title="bbox 192 721 1523 773; baseline -0.002 -11"><span class='ocrx_word' id='word_1_57' title='bbox 192 723 374 769; x_wconf 90' lang='lat' dir='ltr'>Macedo,</span> <span class='ocrx_word' id='word_1_58' title='bbox 392 723 516 761; x_wconf 91' lang='lat' dir='ltr'>multa</span> <span class='ocrx_word' id='word_1_59' title='bbox 537 721 796 761; x_wconf 85' lang='lat' dir='ltr'>moliebatur:</span> <span class='ocrx_word' id='word_1_60' title='bbox 816 721 879 760; x_wconf 91' lang='lat' dir='ltr'>cui</span> <span class='ocrx_word' id='word_1_61' title='bbox 899 721 1108 773; x_wconf 88' lang='lat' dir='ltr'>oppositus</span> <span class='ocrx_word' id='word_1_62' title='bbox 1127 722 1277 762; x_wconf 88' lang='lat' dir='ltr'>Chares</span> <span class='ocrx_word' id='word_1_63' title='bbox 1297 735 1388 761; x_wconf 92' lang='lat' dir='ltr'>cum</span> <span class='ocrx_word' id='word_1_64' title='bbox 1409 729 1523 770; x_wconf 90' lang='lat' dir='ltr'>esset,</span> 
     </span>
     <span class='ocr_line' id='line_1_10' title="bbox 190 786 1563 839; baseline -0.001 -12"><span class='ocrx_word' id='word_1_65' title='bbox 190 802 271 828; x_wconf 92' lang='lat' dir='ltr'>non</span> <span class='ocrx_word' id='word_1_66' title='bbox 292 788 385 828; x_wconf 90' lang='lat' dir='ltr'>satis</span> <span class='ocrx_word' id='word_1_67' title='bbox 404 787 444 826; x_wconf 89' lang='lat' dir='ltr'>in</span> <span class='ocrx_word' id='word_1_68' title='bbox 465 800 514 827; x_wconf 92' lang='lat' dir='ltr'>eo</span> <span class='ocrx_word' id='word_1_69' title='bbox 533 786 718 838; x_wconf 89' lang='lat' dir='ltr'>praesidii</span> <span class='ocrx_word' id='word_1_70' title='bbox 738 786 959 838; x_wconf 89' lang='lat' dir='ltr'>putabatur.</span> <span class='ocrx_word' id='word_1_71' title='bbox 1012 788 1055 826; x_wconf 84' lang='lat' dir='ltr'>fit</span> <span class='ocrx_word' id='word_1_72' title='bbox 1077 788 1337 827; x_wconf 88' lang='lat' dir='ltr'>Menestheus</span> <span class='ocrx_word' id='word_1_73' title='bbox 1357 794 1522 839; x_wconf 88' lang='lat' dir='ltr'>praetor,</span> <span class='ocrx_word' id='word_1_74' title='bbox 1547 803 1563 825; x_wconf 84' lang='lat'>2</span> 
     </span>
    </p>

    <p class='ocr_par' dir='ltr' id='par_1_4' title="bbox 134 851 1560 1168">
     <span class='ocr_line' id='line_1_11' title="bbox 134 851 1525 905; baseline 0 -13"><span class='ocrx_word' id='word_1_75' title='bbox 134 869 171 892; x_wconf 90' lang='lat'>10</span> <span class='ocrx_word' id='word_1_76' title='bbox 190 853 292 893; x_wconf 88' lang='lat' dir='ltr'>filius</span> <span class='ocrx_word' id='word_1_77' title='bbox 331 852 550 905; x_wconf 89' lang='lat' dir='ltr'>Iphicratis,</span> <span class='ocrx_word' id='word_1_78' title='bbox 589 865 710 903; x_wconf 87' lang='lat' dir='ltr'>gener</span> <span class='ocrx_word' id='word_1_79' title='bbox 746 851 961 901; x_wconf 90' lang='lat' dir='ltr'>Timothei,</span> <span class='ocrx_word' id='word_1_80' title='bbox 1003 859 1043 892; x_wconf 92' lang='lat' dir='ltr'>et</span> <span class='ocrx_word' id='word_1_81' title='bbox 1080 860 1124 892; x_wconf 92' lang='lat' dir='ltr'>ut</span> <span class='ocrx_word' id='word_1_82' title='bbox 1161 854 1213 893; x_wconf 91' lang='lat' dir='ltr'>ad</span> <span class='ocrx_word' id='word_1_83' title='bbox 1252 853 1401 892; x_wconf 85' lang='lat' dir='ltr'>bellum</span> <span class='ocrx_word' id='word_1_84' title='bbox 1439 867 1525 904; x_wconf 91' lang='lat' dir='ltr'>pro-</span> 
     </span>
     <span class='ocr_line' id='line_1_12' title="bbox 190 916 1525 959; baseline -0.001 -1"><span class='ocrx_word' id='word_1_85' title='bbox 190 919 385 959; x_wconf 85' lang='lat' dir='ltr'>ficiscatur</span> <span class='ocrx_word' id='word_1_86' title='bbox 415 917 650 957; x_wconf 88' lang='lat' dir='ltr'>decernitur.</span> <span class='ocrx_word' id='word_1_87' title='bbox 710 916 803 956; x_wconf 92' lang='lat' dir='ltr'>huic</span> <span class='ocrx_word' id='word_1_88' title='bbox 836 917 876 956; x_wconf 93' lang='lat' dir='ltr'>in</span> <span class='ocrx_word' id='word_1_89' title='bbox 909 917 1120 956; x_wconf 86' lang='lat' dir='ltr'>consilium</span> <span class='ocrx_word' id='word_1_90' title='bbox 1158 919 1303 957; x_wconf 90' lang='lat' dir='ltr'>dantur</span> <span class='ocrx_word' id='word_1_91' title='bbox 1335 919 1418 958; x_wconf 93' lang='lat' dir='ltr'>duo</span> <span class='ocrx_word' id='word_1_92' title='bbox 1450 931 1525 957; x_wconf 87' lang='lat' dir='ltr'>usu</span> 
     </span>
     <span class='ocr_line' id='line_1_13' title="bbox 188 982 1526 1039; baseline -0.001 -14"><span class='ocrx_word' id='word_1_93' title='bbox 188 985 459 1037; x_wconf 84' lang='lat' dir='ltr'>sapientiaque</span> <span class='ocrx_word' id='word_1_94' title='bbox 492 991 735 1036; x_wconf 85' lang='lat' dir='ltr'>praestantes</span> <span class='ocrx_word' id='word_1_95' title='bbox 768 982 950 1036; x_wconf 79' lang='lat' dir='ltr'>[quorum</span> <span class='ocrx_word' id='word_1_96' title='bbox 984 984 1152 1024; x_wconf 90' lang='lat' dir='ltr'>consilio</span> <span class='ocrx_word' id='word_1_97' title='bbox 1185 985 1382 1039; x_wconf 63' lang='lat' dir='ltr'>utereturl,</span> <span class='ocrx_word' id='word_1_98' title='bbox 1415 992 1526 1037; x_wconf 89' lang='lat' dir='ltr'>pater</span> 
     </span>
     <span class='ocr_line' id='line_1_14' title="bbox 188 1050 1524 1103; baseline 0 -13"><span class='ocrx_word' id='word_1_99' title='bbox 188 1059 228 1090; x_wconf 89' lang='lat' dir='ltr'>et</span> <span class='ocrx_word' id='word_1_100' title='bbox 256 1064 378 1098; x_wconf 90' lang='lat' dir='ltr'>socer,</span> <span class='ocrx_word' id='word_1_101' title='bbox 404 1051 513 1101; x_wconf 92' lang='lat' dir='ltr'>quod</span> <span class='ocrx_word' id='word_1_102' title='bbox 542 1050 583 1088; x_wconf 93' lang='lat' dir='ltr'>in</span> <span class='ocrx_word' id='word_1_103' title='bbox 609 1050 671 1089; x_wconf 91' lang='lat' dir='ltr'>his</span> <span class='ocrx_word' id='word_1_104' title='bbox 697 1057 806 1089; x_wconf 90' lang='lat' dir='ltr'>tanta</span> <span class='ocrx_word' id='word_1_105' title='bbox 831 1057 913 1089; x_wconf 90' lang='lat' dir='ltr'>erat</span> <span class='ocrx_word' id='word_1_106' title='bbox 941 1050 1165 1099; x_wconf 82' lang='lat' dir='ltr'>auctoritas,</span> <span class='ocrx_word' id='word_1_107' title='bbox 1193 1058 1236 1090; x_wconf 91' lang='lat' dir='ltr'>ut</span> <span class='ocrx_word' id='word_1_108' title='bbox 1266 1065 1409 1102; x_wconf 85' lang='lat' dir='ltr'>magna</span> <span class='ocrx_word' id='word_1_109' title='bbox 1434 1064 1524 1103; x_wconf 86' lang='lat' dir='ltr'>spes</span> 
     </span>
     <span class='ocr_line' id='line_1_15' title="bbox 188 1114 1560 1168; baseline 0.001 -13"><span class='ocrx_word' id='word_1_110' title='bbox 188 1124 291 1156; x_wconf 86' lang='lat' dir='ltr'>esset</span> <span class='ocrx_word' id='word_1_111' title='bbox 317 1129 386 1167; x_wconf 87' lang='lat' dir='ltr'>per</span> <span class='ocrx_word' id='word_1_112' title='bbox 405 1129 473 1154; x_wconf 86' lang='lat' dir='ltr'>eos</span> <span class='ocrx_word' id='word_1_113' title='bbox 491 1114 636 1154; x_wconf 90' lang='lat' dir='ltr'>amissa</span> <span class='ocrx_word' id='word_1_114' title='bbox 655 1128 771 1166; x_wconf 90' lang='lat' dir='ltr'>posse</span> <span class='ocrx_word' id='word_1_115' title='bbox 791 1115 1020 1166; x_wconf 87' lang='lat' dir='ltr'>recuperari.</span> <span class='ocrx_word' id='word_1_116' title='bbox 1080 1115 1119 1154; x_wconf 92' lang='lat' dir='ltr'>hi</span> <span class='ocrx_word' id='word_1_117' title='bbox 1140 1129 1232 1155; x_wconf 91' lang='lat' dir='ltr'>cum</span> <span class='ocrx_word' id='word_1_118' title='bbox 1252 1118 1415 1156; x_wconf 89' lang='lat' dir='ltr'>Samum</span> <span class='ocrx_word' id='word_1_119' title='bbox 1439 1131 1525 1168; x_wconf 90' lang='lat' dir='ltr'>pro·</span> <span class='ocrx_word' id='word_1_120' title='bbox 1543 1132 1560 1162; x_wconf 79' lang='lat'>3</span> 
     </span>
    </p>

    <p class='ocr_par' dir='ltr' id='par_1_5' title="bbox 135 1180 1560 1494">
     <span class='ocr_line' id='line_1_16' title="bbox 135 1180 1523 1233; baseline 0.003 -15"><span class='ocrx_word' id='word_1_121' title='bbox 135 1195 171 1229; x_wconf 80' lang='lat'>¹5</span> <span class='ocrx_word' id='word_1_122' title='bbox 189 1180 281 1220; x_wconf 91' lang='lat' dir='ltr'>fecti</span> <span class='ocrx_word' id='word_1_123' title='bbox 309 1187 441 1220; x_wconf 89' lang='lat' dir='ltr'>essent</span> <span class='ocrx_word' id='word_1_124' title='bbox 465 1187 505 1219; x_wconf 91' lang='lat' dir='ltr'>et</span> <span class='ocrx_word' id='word_1_125' title='bbox 528 1181 671 1220; x_wconf 92' lang='lat' dir='ltr'>eodem</span> <span class='ocrx_word' id='word_1_126' title='bbox 696 1180 846 1220; x_wconf 89' lang='lat' dir='ltr'>Chares</span> <span class='ocrx_word' id='word_1_127' title='bbox 869 1180 1026 1219; x_wconf 89' lang='lat' dir='ltr'>illorum</span> <span class='ocrx_word' id='word_1_128' title='bbox 1048 1181 1223 1220; x_wconf 90' lang='lat' dir='ltr'>adventu</span> <span class='ocrx_word' id='word_1_129' title='bbox 1247 1182 1408 1233; x_wconf 88' lang='lat' dir='ltr'>cognito</span> <span class='ocrx_word' id='word_1_130' title='bbox 1431 1196 1523 1222; x_wconf 93' lang='lat' dir='ltr'>cum</span> 
     </span>
     <span class='ocr_line' id='line_1_17' title="bbox 190 1244 1524 1298; baseline 0.001 -14"><span class='ocrx_word' id='word_1_131' title='bbox 190 1245 269 1284; x_wconf 89' lang='lat' dir='ltr'>suis</span> <span class='ocrx_word' id='word_1_132' title='bbox 288 1245 413 1297; x_wconf 89' lang='lat' dir='ltr'>copiis</span> <span class='ocrx_word' id='word_1_133' title='bbox 434 1244 754 1296; x_wconf 86' lang='lat' dir='ltr'>proficisceretur,</span> <span class='ocrx_word' id='word_1_134' title='bbox 771 1259 822 1285; x_wconf 91' lang='lat' dir='ltr'>ne</span> <span class='ocrx_word' id='word_1_135' title='bbox 841 1245 939 1296; x_wconf 90' lang='lat' dir='ltr'>quid</span> <span class='ocrx_word' id='word_1_136' title='bbox 958 1246 1123 1286; x_wconf 87' lang='lat' dir='ltr'>absente</span> <span class='ocrx_word' id='word_1_137' title='bbox 1142 1259 1184 1286; x_wconf 89' lang='lat' dir='ltr'>se</span> <span class='ocrx_word' id='word_1_138' title='bbox 1203 1254 1357 1298; x_wconf 88' lang='lat' dir='ltr'>gestum</span> <span class='ocrx_word' id='word_1_139' title='bbox 1378 1247 1524 1287; x_wconf 90' lang='lat' dir='ltr'>videre-</span> 
     </span>
     <span class='ocr_line' id='line_1_18' title="bbox 189 1310 1523 1365; baseline 0.002 -15"><span class='ocrx_word' id='word_1_140' title='bbox 189 1319 262 1359; x_wconf 90' lang='lat' dir='ltr'>tur,</span> <span class='ocrx_word' id='word_1_141' title='bbox 293 1310 452 1359; x_wconf 89' lang='lat' dir='ltr'>accidit,</span> <span class='ocrx_word' id='word_1_142' title='bbox 482 1324 573 1350; x_wconf 91' lang='lat' dir='ltr'>cum</span> <span class='ocrx_word' id='word_1_143' title='bbox 607 1311 660 1350; x_wconf 92' lang='lat' dir='ltr'>ad</span> <span class='ocrx_word' id='word_1_144' title='bbox 690 1310 860 1350; x_wconf 89' lang='lat' dir='ltr'>insulam</span> <span class='ocrx_word' id='word_1_145' title='bbox 892 1311 1270 1363; x_wconf 87' lang='lat' dir='ltr'>appropinquarent,</span> <span class='ocrx_word' id='word_1_146' title='bbox 1303 1320 1347 1352; x_wconf 91' lang='lat' dir='ltr'>ut</span> <span class='ocrx_word' id='word_1_147' title='bbox 1380 1327 1523 1365; x_wconf 90' lang='lat' dir='ltr'>magna</span> 
     </span>
     <span class='ocr_line' id='line_1_19' title="bbox 189 1376 1522 1430; baseline 0.003 -15"><span class='ocrx_word' id='word_1_148' title='bbox 189 1384 402 1429; x_wconf 86' lang='lat' dir='ltr'>tempestas</span> <span class='ocrx_word' id='word_1_149' title='bbox 430 1376 618 1417; x_wconf 88' lang='lat' dir='ltr'>oriretur:</span> <span class='ocrx_word' id='word_1_150' title='bbox 651 1389 772 1428; x_wconf 90' lang='lat' dir='ltr'>quam</span> <span class='ocrx_word' id='word_1_151' title='bbox 801 1377 948 1417; x_wconf 87' lang='lat' dir='ltr'>evitare</span> <span class='ocrx_word' id='word_1_152' title='bbox 976 1378 1059 1417; x_wconf 93' lang='lat' dir='ltr'>duo</span> <span class='ocrx_word' id='word_1_153' title='bbox 1086 1385 1237 1418; x_wconf 87' lang='lat' dir='ltr'>veteres</span> <span class='ocrx_word' id='word_1_154' title='bbox 1267 1378 1522 1430; x_wconf 89' lang='lat' dir='ltr'>imperatores</span> 
     </span>
     <span class='ocr_line' id='line_1_20' title="bbox 188 1441 1560 1494; baseline 0.003 -13"><span class='ocrx_word' id='word_1_155' title='bbox 188 1441 284 1481; x_wconf 87' lang='lat' dir='ltr'>utile</span> <span class='ocrx_word' id='word_1_156' title='bbox 313 1442 486 1482; x_wconf 88' lang='lat' dir='ltr'>arbitrati</span> <span class='ocrx_word' id='word_1_157' title='bbox 514 1456 625 1482; x_wconf 90' lang='lat' dir='ltr'>suam</span> <span class='ocrx_word' id='word_1_158' title='bbox 659 1443 826 1482; x_wconf 87' lang='lat' dir='ltr'>classem</span> <span class='ocrx_word' id='word_1_159' title='bbox 857 1450 1168 1494; x_wconf 88' lang='lat' dir='ltr'>suppresserunt.</span> <span class='ocrx_word' id='word_1_160' title='bbox 1237 1451 1277 1483; x_wconf 91' lang='lat' dir='ltr'>at</span> <span class='ocrx_word' id='word_1_161' title='bbox 1307 1444 1372 1484; x_wconf 88' lang='lat' dir='ltr'>ille</span> <span class='ocrx_word' id='word_1_162' title='bbox 1404 1452 1523 1485; x_wconf 83' lang='lat' dir='ltr'>terne·</span> <span class='ocrx_word' id='word_1_163' title='bbox 1541 1464 1560 1493; x_wconf 87' lang='lat'>4</span> 
     </span>
    </p>

    <p class='ocr_par' dir='ltr' id='par_1_6' title="bbox 130 1507 1538 1824">
     <span class='ocr_line' id='line_1_21' title="bbox 130 1507 1520 1559; baseline 0.004 -14"><span class='ocrx_word' id='word_1_164' title='bbox 130 1523 170 1546; x_wconf 86' lang='lat'>20</span> <span class='ocrx_word' id='word_1_165' title='bbox 188 1507 286 1547; x_wconf 88' lang='lat' dir='ltr'>raria</span> <span class='ocrx_word' id='word_1_166' title='bbox 318 1521 412 1548; x_wconf 89' lang='lat' dir='ltr'>usus</span> <span class='ocrx_word' id='word_1_167' title='bbox 450 1507 601 1548; x_wconf 89' lang='lat' dir='ltr'>ratione</span> <span class='ocrx_word' id='word_1_168' title='bbox 639 1521 721 1547; x_wconf 91' lang='lat' dir='ltr'>non</span> <span class='ocrx_word' id='word_1_169' title='bbox 763 1507 881 1548; x_wconf 89' lang='lat' dir='ltr'>cessit</span> <span class='ocrx_word' id='word_1_170' title='bbox 920 1508 1113 1548; x_wconf 88' lang='lat' dir='ltr'>maiorum</span> <span class='ocrx_word' id='word_1_171' title='bbox 1152 1516 1247 1549; x_wconf 89' lang='lat' dir='ltr'>natu</span> <span class='ocrx_word' id='word_1_172' title='bbox 1284 1510 1520 1559; x_wconf 87' lang='lat' dir='ltr'>auctoritati,</span> 
     </span>
     <span class='ocr_line' id='line_1_22' title="bbox 187 1573 1519 1628; baseline 0.003 -16"><span class='ocrx_word' id='word_1_173' title='bbox 187 1575 293 1613; x_wconf 90' lang='lat' dir='ltr'>velut</span> <span class='ocrx_word' id='word_1_174' title='bbox 312 1573 352 1613; x_wconf 90' lang='lat' dir='ltr'>in</span> <span class='ocrx_word' id='word_1_175' title='bbox 373 1587 443 1614; x_wconf 89' lang='lat' dir='ltr'>sua</span> <span class='ocrx_word' id='word_1_176' title='bbox 464 1588 583 1614; x_wconf 91' lang='lat' dir='ltr'>manu</span> <span class='ocrx_word' id='word_1_177' title='bbox 603 1582 707 1614; x_wconf 89' lang='lat' dir='ltr'>esset</span> <span class='ocrx_word' id='word_1_178' title='bbox 725 1575 892 1614; x_wconf 84' lang='lat' dir='ltr'>fortuna.</span> <span class='ocrx_word' id='word_1_179' title='bbox 937 1588 1019 1626; x_wconf 92' lang='lat' dir='ltr'>quo</span> <span class='ocrx_word' id='word_1_180' title='bbox 1038 1576 1307 1623; x_wconf 90' lang='lat' dir='ltr'>contenderat,</span> <span class='ocrx_word' id='word_1_181' title='bbox 1331 1577 1519 1628; x_wconf 89' lang='lat' dir='ltr'>pervenit,</span> 
     </span>
     <span class='ocr_line' id='line_1_23' title="bbox 185 1639 1538 1692; baseline 0.001 -13"><span class='ocrx_word' id='word_1_182' title='bbox 185 1639 410 1691; x_wconf 89' lang='lat' dir='ltr'>eodemque</span> <span class='ocrx_word' id='word_1_183' title='bbox 447 1647 490 1679; x_wconf 92' lang='lat' dir='ltr'>ut</span> <span class='ocrx_word' id='word_1_184' title='bbox 522 1647 788 1691; x_wconf 87' lang='lat' dir='ltr'>sequerentur,</span> <span class='ocrx_word' id='word_1_185' title='bbox 821 1641 873 1679; x_wconf 89' lang='lat' dir='ltr'>ad</span> <span class='ocrx_word' id='word_1_186' title='bbox 912 1639 1172 1680; x_wconf 89' lang='lat' dir='ltr'>Timotheum</span> <span class='ocrx_word' id='word_1_187' title='bbox 1215 1649 1254 1680; x_wconf 93' lang='lat' dir='ltr'>et</span> <span class='ocrx_word' id='word_1_188' title='bbox 1295 1641 1538 1692; x_wconf 83' lang='lat' dir='ltr'>Iphicraten·</span> 
     </span>
     <span class='ocr_line' id='line_1_24' title="bbox 187 1704 1520 1758; baseline 0.002 -14"><span class='ocrx_word' id='word_1_189' title='bbox 187 1704 369 1744; x_wconf 85' lang='lat' dir='ltr'>nuntium</span> <span class='ocrx_word' id='word_1_190' title='bbox 404 1705 519 1745; x_wconf 89' lang='lat' dir='ltr'>misit.</span> <span class='ocrx_word' id='word_1_191' title='bbox 579 1705 672 1745; x_wconf 93' lang='lat' dir='ltr'>hinc</span> <span class='ocrx_word' id='word_1_192' title='bbox 703 1707 806 1745; x_wconf 88' lang='lat' dir='ltr'>male</span> <span class='ocrx_word' id='word_1_193' title='bbox 840 1719 880 1744; x_wconf 87' lang='lat' dir='ltr'>re</span> <span class='ocrx_word' id='word_1_194' title='bbox 913 1714 1036 1756; x_wconf 85' lang='lat' dir='ltr'>gesta,</span> <span class='ocrx_word' id='word_1_195' title='bbox 1066 1706 1337 1758; x_wconf 89' lang='lat' dir='ltr'>compluribus</span> <span class='ocrx_word' id='word_1_196' title='bbox 1367 1707 1520 1746; x_wconf 89' lang='lat' dir='ltr'>amissis</span> 
     </span>
     <span class='ocr_line' id='line_1_25' title="bbox 186 1769 1521 1824; baseline 0.003 -16"><span class='ocrx_word' id='word_1_197' title='bbox 186 1769 352 1809; x_wconf 88' lang='lat' dir='ltr'>navibus</span> <span class='ocrx_word' id='word_1_198' title='bbox 398 1784 459 1818; x_wconf 88' lang='lat' dir='ltr'>eo,</span> <span class='ocrx_word' id='word_1_199' title='bbox 503 1771 611 1811; x_wconf 89' lang='lat' dir='ltr'>unde</span> <span class='ocrx_word' id='word_1_200' title='bbox 652 1779 734 1811; x_wconf 89' lang='lat' dir='ltr'>erat</span> <span class='ocrx_word' id='word_1_201' title='bbox 781 1772 991 1822; x_wconf 86' lang='lat' dir='ltr'>profectus,</span> <span class='ocrx_word' id='word_1_202' title='bbox 1036 1784 1078 1811; x_wconf 91' lang='lat' dir='ltr'>se</span> <span class='ocrx_word' id='word_1_203' title='bbox 1118 1771 1255 1823; x_wconf 91' lang='lat' dir='ltr'>recipit</span> <span class='ocrx_word' id='word_1_204' title='bbox 1295 1771 1521 1824; x_wconf 89' lang='lat' dir='ltr'>litterasque</span> 
     </span>
    </p>

    <p class='ocr_par' dir='ltr' id='par_1_7' title="bbox 128 1835 1558 2149">
     <span class='ocr_line' id='line_1_26' title="bbox 128 1835 1520 1890; baseline 0.004 -18"><span class='ocrx_word' id='word_1_205' title='bbox 128 1846 166 1879; x_wconf 86' lang='lat'>25</span> <span class='ocrx_word' id='word_1_206' title='bbox 186 1836 365 1875; x_wconf 88' lang='lat' dir='ltr'>Athenas</span> <span class='ocrx_word' id='word_1_207' title='bbox 391 1835 550 1887; x_wconf 87' lang='lat' dir='ltr'>publice</span> <span class='ocrx_word' id='word_1_208' title='bbox 577 1836 693 1884; x_wconf 91' lang='lat' dir='ltr'>misit,</span> <span class='ocrx_word' id='word_1_209' title='bbox 724 1836 799 1876; x_wconf 87' lang='lat' dir='ltr'>sibi</span> <span class='ocrx_word' id='word_1_210' title='bbox 829 1836 1002 1888; x_wconf 89' lang='lat' dir='ltr'>proclive</span> <span class='ocrx_word' id='word_1_211' title='bbox 1026 1836 1145 1876; x_wconf 86' lang='lat' dir='ltr'>fuisse</span> <span class='ocrx_word' id='word_1_212' title='bbox 1174 1838 1337 1877; x_wconf 88' lang='lat' dir='ltr'>Samum</span> <span class='ocrx_word' id='word_1_213' title='bbox 1366 1851 1520 1890; x_wconf 87' lang='lat' dir='ltr'>capere,</span> 
     </span>
     <span class='ocr_line' id='line_1_27' title="bbox 186 1900 1558 1954; baseline 0.003 -15"><span class='ocrx_word' id='word_1_214' title='bbox 186 1900 259 1939; x_wconf 91' lang='lat' dir='ltr'>nisi</span> <span class='ocrx_word' id='word_1_215' title='bbox 278 1914 302 1939; x_wconf 88' lang='lat' dir='ltr'>a</span> <span class='ocrx_word' id='word_1_216' title='bbox 325 1900 541 1941; x_wconf 87' lang='lat' dir='ltr'>Timotheo</span> <span class='ocrx_word' id='word_1_217' title='bbox 560 1909 599 1941; x_wconf 90' lang='lat' dir='ltr'>et</span> <span class='ocrx_word' id='word_1_218' title='bbox 627 1901 825 1953; x_wconf 89' lang='lat' dir='ltr'>Iphicrate</span> <span class='ocrx_word' id='word_1_219' title='bbox 849 1903 1027 1942; x_wconf 88' lang='lat' dir='ltr'>desertus</span> <span class='ocrx_word' id='word_1_220' title='bbox 1051 1910 1165 1942; x_wconf 90' lang='lat' dir='ltr'>esset.</span> <span class='ocrx_word' id='word_1_221' title='bbox 1223 1905 1394 1954; x_wconf 87' lang='lat' dir='ltr'>populus</span> <span class='ocrx_word' id='word_1_222' title='bbox 1417 1917 1519 1953; x_wconf 89' lang='lat' dir='ltr'>acer,</span> <span class='ocrx_word' id='word_1_223' title='bbox 1540 1918 1558 1950; x_wconf 84' lang='lat'>5</span> 
     </span>
     <span class='ocr_line' id='line_1_28' title="bbox 185 1965 1519 2018; baseline 0.004 -14"><span class='ocrx_word' id='word_1_224' title='bbox 185 1965 366 2016; x_wconf 86' lang='lat' dir='ltr'>suspicax</span> <span class='ocrx_word' id='word_1_225' title='bbox 404 1967 458 2006; x_wconf 95' lang='lat' dir='ltr'>ob</span> <span class='ocrx_word' id='word_1_226' title='bbox 500 1980 669 2018; x_wconf 89' lang='lat' dir='ltr'>eamque</span> <span class='ocrx_word' id='word_1_227' title='bbox 707 1981 789 2007; x_wconf 90' lang='lat' dir='ltr'>rem</span> <span class='ocrx_word' id='word_1_228' title='bbox 838 1967 1007 2016; x_wconf 92' lang='lat' dir='ltr'>mobilis,</span> <span class='ocrx_word' id='word_1_229' title='bbox 1055 1968 1313 2017; x_wconf 88' lang='lat' dir='ltr'>adversarius,</span> <span class='ocrx_word' id='word_1_230' title='bbox 1363 1969 1519 2009; x_wconf 90' lang='lat' dir='ltr'>invidus</span> 
     </span>
     <span class='ocr_line' id='line_1_29' title="bbox 185 2030 1519 2086; baseline 0.004 -16"><span class='ocrx_word' id='word_1_231' title='bbox 185 2030 320 2082; x_wconf 88' lang='lat' dir='ltr'>(etiam</span> <span class='ocrx_word' id='word_1_232' title='bbox 354 2032 555 2084; x_wconf 90' lang='lat' dir='ltr'>potentiae</span> <span class='ocrx_word' id='word_1_233' title='bbox 587 2032 627 2072; x_wconf 91' lang='lat' dir='ltr'>in</span> <span class='ocrx_word' id='word_1_234' title='bbox 661 2032 810 2072; x_wconf 89' lang='lat' dir='ltr'>crimen</span> <span class='ocrx_word' id='word_1_235' title='bbox 844 2033 1104 2086; x_wconf 90' lang='lat' dir='ltr'>vocabantur)</span> <span class='ocrx_word' id='word_1_236' title='bbox 1138 2035 1305 2074; x_wconf 92' lang='lat' dir='ltr'>domum</span> <span class='ocrx_word' id='word_1_237' title='bbox 1339 2043 1519 2075; x_wconf 84' lang='lat' dir='ltr'>revocat:</span> 
     </span>
     <span class='ocr_line' id='line_1_30' title="bbox 183 2097 1520 2149; baseline 0.004 -14"><span class='ocrx_word' id='word_1_238' title='bbox 183 2104 419 2136; x_wconf 88' lang='lat' dir='ltr'>accusantur</span> <span class='ocrx_word' id='word_1_239' title='bbox 449 2097 694 2149; x_wconf 86' lang='lat' dir='ltr'>proditionis.</span> <span class='ocrx_word' id='word_1_240' title='bbox 755 2099 831 2137; x_wconf 92' lang='lat' dir='ltr'>hoc</span> <span class='ocrx_word' id='word_1_241' title='bbox 861 2098 1010 2138; x_wconf 89' lang='lat' dir='ltr'>iudicio</span> <span class='ocrx_word' id='word_1_242' title='bbox 1043 2100 1255 2139; x_wconf 89' lang='lat' dir='ltr'>damnatur</span> <span class='ocrx_word' id='word_1_243' title='bbox 1283 2099 1520 2141; x_wconf 88' lang='lat' dir='ltr'>Timotheus</span> 
     </span>
    </p>
   </div>
   <div class='ocr_carea' id='block_1_3' title="bbox 227 2200 1522 2246">
    <p class='ocr_par' dir='ltr' id='par_1_8' title="bbox 227 2200 1522 2246">
     <span class='ocr_line' id='line_1_31' title="bbox 227 2200 1522 2246; baseline 0.004 -15"><span class='ocrx_word' id='word_1_244' title='bbox 227 2200 248 2231; x_wconf 90' lang='grc'><strong>8</strong></span> <span class='ocrx_word' id='word_1_245' title='bbox 273 2200 413 2232; x_wconf 88' lang='lat' dir='ltr'>Macedo</span> <span class='ocrx_word' id='word_1_246' title='bbox 430 2201 489 2234; x_wconf 87' lang='lat' dir='ltr'>del.</span> <span class='ocrx_word' id='word_1_247' title='bbox 506 2201 635 2241; x_wconf 73' lang='lat' dir='ltr'>Rosius,</span> <span class='ocrx_word' id='word_1_248' title='bbox 651 2207 727 2243; x_wconf 81' lang='lat' dir='ltr'>post</span> <span class='ocrx_word' id='word_1_249' title='bbox 739 2201 917 2243; x_wconf 85' lang='lat' dir='ltr'>Philippus</span> <span class='ocrx_word' id='word_1_250' title='bbox 931 2202 1125 2244; x_wconf 77' lang='lat' dir='ltr'>ponendum</span> <span class='ocrx_word' id='word_1_251' title='bbox 1142 2207 1243 2236; x_wconf 80' lang='lat' dir='ltr'>censet</span> <span class='ocrx_word' id='word_1_252' title='bbox 1257 2203 1378 2246; x_wconf 80' lang='lat' dir='ltr'>Lupus</span> <span class='ocrx_word' id='word_1_253' title='bbox 1483 2215 1522 2237; x_wconf 81' lang='grc' dir='ltr'>ιο</span> 
     </span>
    </p>
   </div>
   <div class='ocr_carea' id='block_1_4' title="bbox 184 2242 1524 2418">
    <p class='ocr_par' dir='ltr' id='par_1_9' title="bbox 184 2242 1524 2418">
     <span class='ocr_line' id='line_1_32' title="bbox 185 2242 1522 2286; baseline 0.005 -12"><span class='ocrx_word' id='word_1_254' title='bbox 185 2242 367 2284; x_wconf 84' lang='lat' dir='ltr'>Ypocratis</span> <span class='ocrx_word' id='word_1_255' title='bbox 394 2244 559 2286; x_wconf 79' lang='lat' dir='ltr'>(Hippo-)</span> <span class='ocrx_word' id='word_1_256' title='bbox 584 2245 689 2277; x_wconf 87' lang='lat' dir='ltr'>ABR</span> <span class='ocrx_word' id='word_1_257' title='bbox 818 2256 853 2277; x_wconf 88' lang='lat'>11</span> <span class='ocrx_word' id='word_1_258' title='bbox 880 2247 942 2278; x_wconf 83' lang='lat' dir='ltr'>uiri</span> <span class='ocrx_word' id='word_1_259' title='bbox 968 2247 1036 2278; x_wconf 92' lang='lat' dir='ltr'>duo</span> <span class='ocrx_word' id='word_1_260' title='bbox 1066 2246 1166 2280; x_wconf 84' lang='lat' dir='ltr'>Fleck.</span> <span class='ocrx_word' id='word_1_261' title='bbox 1194 2252 1224 2279; x_wconf 80' lang='lat' dir='ltr'>et</span> <span class='ocrx_word' id='word_1_262' title='bbox 1254 2247 1349 2280; x_wconf 75' lang='lat' dir='ltr'><em>Cobet</em></span> <span class='ocrx_word' id='word_1_263' title='bbox 1482 2259 1522 2281; x_wconf 80' lang='lat'>12</span> 
     </span>
     <span class='ocr_line' id='line_1_33' title="bbox 184 2288 1522 2327; baseline 0.005 -9"><span class='ocrx_word' id='word_1_264' title='bbox 184 2298 327 2327; x_wconf 87' lang='lat' dir='ltr'>quorum</span> <span class='ocrx_word' id='word_1_265' title='bbox 341 2312 350 2321; x_wconf 94' lang='lat'>.</span> <span class='ocrx_word' id='word_1_266' title='bbox 371 2313 378 2321; x_wconf 90' lang='lat'>.</span> <span class='ocrx_word' id='word_1_267' title='bbox 397 2312 405 2321; x_wconf 97' lang='lat'>.</span> <span class='ocrx_word' id='word_1_268' title='bbox 424 2294 576 2321; x_wconf 85' lang='lat' dir='ltr'>uteretur</span> <span class='ocrx_word' id='word_1_269' title='bbox 599 2290 714 2323; x_wconf 81' lang='lat' dir='ltr'>inclus.</span> <span class='ocrx_word' id='word_1_270' title='bbox 743 2288 853 2320; x_wconf 85' lang='lat' dir='ltr'>Halm</span> <span class='ocrx_word' id='word_1_271' title='bbox 996 2300 1033 2321; x_wconf 81' lang='lat'>21</span> <span class='ocrx_word' id='word_1_272' title='bbox 1061 2291 1154 2322; x_wconf 87' lang='lat' dir='ltr'>uelut</span> <span class='ocrx_word' id='word_1_273' title='bbox 1178 2292 1311 2323; x_wconf 78' lang='lat' dir='ltr'>Heusin</span> <span class='ocrx_word' id='word_1_274' title='bbox 1334 2303 1393 2325; x_wconf 85' lang='lat' dir='ltr'>er:</span> <span class='ocrx_word' id='word_1_275' title='bbox 1425 2297 1460 2325; x_wconf 86' lang='lat' dir='ltr'>et</span> <span class='ocrx_word' id='word_1_276' title='bbox 1484 2299 1522 2325; x_wconf 85' lang='lat' dir='ltr'>ut</span> 
     </span>
     <span class='ocr_line' id='line_1_34' title="bbox 184 2329 1523 2375; baseline 0.007 -15"><span class='ocrx_word' id='word_1_277' title='bbox 184 2329 274 2363; x_wconf 82' lang='lat' dir='ltr'>Dan.</span> <span class='ocrx_word' id='word_1_278' title='bbox 290 2331 414 2364; x_wconf 82' lang='lat' dir='ltr'><em>ABR:</em></span> <span class='ocrx_word' id='word_1_279' title='bbox 439 2337 474 2364; x_wconf 85' lang='lat' dir='ltr'>ut</span> <span class='ocrx_word' id='word_1_280' title='bbox 487 2333 537 2365; x_wconf 86' lang='lat' dir='ltr'>P:</span> <span class='ocrx_word' id='word_1_281' title='bbox 563 2338 597 2365; x_wconf 88' lang='lat' dir='ltr'>et</span> <span class='ocrx_word' id='word_1_282' title='bbox 613 2332 675 2366; x_wconf 87' lang='lat' dir='ltr'>M:</span> <span class='ocrx_word' id='word_1_283' title='bbox 698 2337 733 2366; x_wconf 89' lang='lat' dir='ltr'>et</span> <span class='ocrx_word' id='word_1_284' title='bbox 749 2338 787 2365; x_wconf 85' lang='lat' dir='ltr'>ut</span> <span class='ocrx_word' id='word_1_285' title='bbox 803 2334 831 2365; x_wconf 91' lang='lat' dir='ltr'>si</span> <span class='ocrx_word' id='word_1_286' title='bbox 848 2344 870 2364; x_wconf 88' lang='lat' dir='ltr'>u</span> <span class='ocrx_word' id='word_1_287' title='bbox 1003 2343 1044 2373; x_wconf 82' lang='lat'>24</span> <span class='ocrx_word' id='word_1_288' title='bbox 1070 2335 1200 2375; x_wconf 86' lang='lat' dir='ltr'>recepit</span> <span class='ocrx_word' id='word_1_289' title='bbox 1217 2335 1292 2366; x_wconf 87' lang='grc' dir='ltr'>ΒΜ</span> <span class='ocrx_word' id='word_1_290' title='bbox 1326 2347 1348 2367; x_wconf 89' lang='lat' dir='ltr'><em>u</em></span> <span class='ocrx_word' id='word_1_291' title='bbox 1480 2338 1523 2369; x_wconf 84' lang='lat'>28</span> 
     </span>
     <span class='ocr_line' id='line_1_35' title="bbox 185 2374 1524 2418; baseline 0.007 -15"><span class='ocrx_word' id='word_1_292' title='bbox 185 2374 286 2405; x_wconf 82' lang='lat' dir='ltr'>etiam</span> <span class='ocrx_word' id='word_1_293' title='bbox 304 2400 312 2407; x_wconf 89' lang='lat'>.</span> <span class='ocrx_word' id='word_1_294' title='bbox 330 2400 338 2408; x_wconf 82' lang='grc'><strong>.</strong></span> <span class='ocrx_word' id='word_1_295' title='bbox 357 2401 364 2408; x_wconf 94' lang='grc'><strong>.</strong></span> <span class='ocrx_word' id='word_1_296' title='bbox 383 2377 593 2408; x_wconf 83' lang='lat' dir='ltr'>uocabantur</span> <span class='ocrx_word' id='word_1_297' title='bbox 616 2377 747 2418; x_wconf 62' lang='lat' dir='ltr'>incius„</span> <span class='ocrx_word' id='word_1_298' title='bbox 760 2377 868 2409; x_wconf 82' lang='lat' dir='ltr'>Halm</span> <span class='ocrx_word' id='word_1_299' title='bbox 885 2388 892 2408; x_wconf 90' lang='lat'><strong>:</strong></span> <span class='ocrx_word' id='word_1_300' title='bbox 938 2378 1067 2409; x_wconf 85' lang='lat' dir='ltr'>etenim</span> <span class='ocrx_word' id='word_1_301' title='bbox 1091 2379 1241 2418; x_wconf 79' lang='lat' dir='ltr'>potentia</span> <span class='ocrx_word' id='word_1_302' title='bbox 1257 2404 1264 2411; x_wconf 94' lang='lat'>.</span> <span class='ocrx_word' id='word_1_303' title='bbox 1285 2404 1293 2412; x_wconf 93' lang='lat'>.</span> <span class='ocrx_word' id='word_1_304' title='bbox 1316 2406 1321 2411; x_wconf 94' lang='lat'>.</span> <span class='ocrx_word' id='word_1_305' title='bbox 1339 2380 1524 2412; x_wconf 82' lang='lat' dir='ltr'>uocabatur</span> 
     </span>
    </p>
   </div>
   <div class='ocr_carea' id='block_1_5' title="bbox 185 2416 1438 2521">
    <p class='ocr_par' dir='ltr' id='par_1_10' title="bbox 185 2416 1438 2521">
     <span class='ocr_line' id='line_1_36' title="bbox 185 2416 761 2462; baseline 0.01 -15"><span class='ocrx_word' id='word_1_306' title='bbox 185 2416 218 2447; x_wconf 88' lang='lat' dir='ltr'><em>A</em></span> <span class='ocrx_word' id='word_1_307' title='bbox 222 2417 356 2450; x_wconf 79' lang='lat' dir='ltr'>ndresen</span> <span class='ocrx_word' id='word_1_308' title='bbox 375 2419 566 2462; x_wconf 76' lang='lat' dir='ltr'>(praeeunte</span> <span class='ocrx_word' id='word_1_309' title='bbox 582 2419 761 2461; x_wconf 75' lang='lat' dir='ltr'>Gitlbauer)</span> 
     </span>
     <span class='ocr_line' id='line_1_37' title="bbox 1397 2489 1438 2521; baseline 0 -12"><span class='ocrx_word' id='word_1_310' title='bbox 1397 2489 1438 2521; x_wconf 65' lang='lat'>4*</span> 
     </span>
    </p>
   </div>
  </div>
 </body>
</html>
