1746 2740
157 116 228 155 IV.
248 115 280 154 ii
643 115 897 156 CORNELI
926 115 1168 155 NEPOTIS

239 235 451 279 postquam
470 227 715 280 propinquos
734 235 823 267 tuos
843 227 1039 279 cognovit,
1060 227 1138 267 tibiv
1151 227 1306 267 muneri
1324 227 1430 267 misit
1449 241 1572 280 seque

240 301 372 333 tecum
390 293 579 333 affinitate
597 293 784 344 coniungi
803 293 936 344 cupit:
962 306 1093 344 quare,
1116 293 1148 332 si
1168 292 1239 332 tibi
1258 293 1422 341 videtur,
1444 294 1516 333 des
1534 293 1571 333 ei

199 373 221 405 4
239 350 360 397 filiam
389 365 498 397 tuam
526 366 706 409 nuptum.
765 357 807 397 id
835 357 868 397 si
893 357 1045 406 feceris,
1067 365 1107 397 et
1130 359 1309 409 Spartam
1333 366 1372 397 et
1399 365 1571 398 ceteram

240 423 447 463 Graeciam
474 423 549 462 sub
572 430 681 462 tuam
704 430 941 474 potestatem
966 414 1010 462 se
1032 423 1245 463 adiuvante
1264 429 1299 462 te
1320 424 1570 462 redacturum

239 487 455 540 pollicetur.
515 488 575 527 his
595 489 646 527 de
665 488 782 527 rebus
801 487 834 527 si
854 488 951 539 quid
973 488 1055 539 geri
1074 488 1257 537 volueris,
1276 496 1426 528 certum
1446 488 1571 528 homi·
1589 503 1607 534 5

198 566 216 599 5
239 567 333 593 nem
361 554 415 593 ad
444 566 535 593 eum
569 553 701 592 mittas
731 554 829 601 face,
860 566 951 592 cum
978 566 1061 604 quo
1090 555 1362 605 colloquatur.'
1417 567 1484 593 rex
1511 561 1570 593 tot

239 618 448 658 hominurn
472 620 597 658 salute
616 626 697 657 tarn
717 617 793 657 sibi
818 618 1128 657 necessariorum
1153 631 1392 669 magnopere
1414 618 1570 669 gavisus

238 683 448 723 confestim
472 696 567 723 cum
583 682 752 734 epistula
776 684 1016 722 Artabazum
1039 684 1092 723 ad
1116 684 1353 723 Pausaniam
1377 683 1506 732 mittit,
1527 683 1570 722 in

238 762 318 800 qua
341 762 434 788 eum
457 749 669 797 collaudat,
687 748 797 800 petit,
818 762 870 787 ne
895 747 959 787 cui
979 747 1033 788 rei
1053 756 1186 799 parcat
1209 750 1261 787 ad
1284 762 1332 788 ea
1350 748 1567 797 efficienda,

237 827 341 865 quae
373 814 603 865 pollicetur:
645 813 678 852 si
714 814 929 865 perfecerit,
962 814 1108 853 nullius
1145 813 1201 853 rei
1233 828 1257 853 a
1293 827 1336 853 se
1372 815 1569 865 repulsam
1591 830 1629 853 ιο

197 884 218 917 6
237 881 418 919 laturum.
476 879 593 919 huius
633 879 846 918 Pausanias
883 881 1086 918 voluntate
1123 879 1282 931 cognita
1317 879 1482 919 alacrior
1516 881 1569 919 ad

236 958 320 984 rem
366 945 579 996 gerendam
626 946 752 983 faetus
797 943 839 983 in
879 943 1145 994 suspicionem
1188 944 1332 984 cecidit
1374 946 1571 984 Lacedae-

237 1010 471 1049 moniorum.
530 1022 612 1061 quo
630 1010 735 1049 facto
761 1009 927 1048 domum
955 1017 1173 1057 revocatus,
1194 1017 1401 1049 accusatus
1429 1010 1568 1061 capitis

235 1074 462 1122 absolvitur,
494 1076 682 1113 multatur
714 1081 848 1113 tamen
877 1074 1060 1125 pecunia,
1091 1087 1211 1125 quam
1245 1076 1299 1114 ob
1327 1088 1487 1114 causam
1515 1076 1567 1115 ad

233 1142 403 1192 classem
431 1140 616 1179 remissus
645 1153 727 1179 non
756 1147 824 1179 est.
1588 1159 1626 1192 ¹5

192 1215 218 1253 3
290 1208 345 1245 At
364 1205 429 1245 ille
451 1212 541 1257 post
564 1218 646 1244 non
675 1207 801 1245 multo
826 1218 898 1244 sua
916 1213 1058 1256 sponte
1080 1207 1132 1246 ad
1158 1206 1371 1246 exercitum
1395 1206 1509 1246 rediit
1528 1214 1568 1246 et

236 1270 291 1310 ibi
310 1285 393 1310 non
416 1271 567 1318 callida,
590 1272 661 1310 sed
684 1270 860 1310 dementi
879 1263 1030 1310 ratione
1053 1271 1223 1322 cogitata
1247 1272 1454 1323 patefecit:
1483 1286 1566 1312 non

236 1335 342 1375 enim
371 1348 500 1374 mores
528 1334 673 1385 patrios
702 1336 842 1383 solum,
873 1336 944 1374 sed
973 1335 1092 1374 etiam
1120 1338 1270 1375 cultum
1300 1337 1565 1388 vestitumque

199 1418 214 1439 2
236 1400 410 1439 mutavit.
468 1407 657 1451 apparatu
680 1399 787 1451 regio
813 1400 1005 1448 utebatur,
1034 1408 1142 1440 veste
1165 1401 1325 1441 Medica
1338 1417 1348 1450 ς
1377 1401 1563 1441 satellites

236 1465 350 1504 Medi
376 1471 415 1503 et
434 1463 617 1515 Aegyptii
646 1465 912 1515 sequebantur
925 1479 936 1513 3
964 1456 1197 1516 epulabatur
1225 1480 1334 1506 more
1355 1469 1562 1507 Persarum
1586 1484 1627 1507 20

197 1543 217 1575 3
235 1529 479 1577 luxuriosius,
519 1543 640 1580 quam
682 1529 750 1580 qui
787 1531 951 1569 aderant
989 1531 1139 1582 perpeti
1178 1540 1339 1582 possent
1354 1547 1365 1580 3
1409 1532 1563 1572 aditum

235 1595 460 1646 petentibus
493 1595 761 1635 conveniundi
795 1609 876 1634 non
914 1596 1045 1643 dabat,
1081 1597 1251 1647 superbe
1283 1599 1561 1649 respondebat,

235 1659 443 1699 crudeliter
480 1659 708 1711 imperabat.
767 1662 946 1711 Spartam
985 1661 1110 1701 redire
1147 1663 1309 1702 nolebat
1323 1678 1333 1712 ;
1376 1664 1561 1711 Colonas,

234 1725 304 1776 qui
336 1726 447 1764 locus
480 1725 520 1764 in
551 1739 644 1776 agro
674 1728 832 1766 Troade
865 1734 937 1776 est,
967 1741 1010 1767 se
1042 1730 1261 1768 contulerat
1275 1743 1286 1778 3
1318 1729 1372 1768 ibi
1401 1730 1565 1769 consilia

195 1806 217 1838 4
235 1804 326 1830 cum
369 1790 517 1842 patriae
558 1798 642 1830 tum
690 1792 765 1831 sibi
808 1792 967 1832 inimica
1008 1794 1199 1845 capiebat.
1269 1795 1310 1835 id
1352 1803 1562 1848 postquam
1584 1809 1623 1841 ²5

236 1855 543 1894 Lacedaemonii
571 1856 795 1905 rescierunt,
824 1860 972 1910 legatos
1001 1873 1092 1899 cum
1119 1862 1229 1899 clava
1256 1863 1308 1901 ad
1334 1874 1426 1900 eum
1453 1861 1566 1900 mise-

235 1927 338 1968 runt,
376 1919 416 1958 in
455 1934 532 1971 qua
570 1934 679 1960 more
716 1922 871 1962 illorum
910 1932 990 1963 erat
1028 1924 1240 1976 scriptum:
1284 1926 1358 1964 nisi
1397 1927 1563 1965 domum

197 1997 217 2030 5
235 1992 499 2033 reverteretur,
549 1999 590 2025 se
637 1987 774 2038 capitis
821 2002 913 2028 eum
961 1991 1226 2030 damnaturos.
1299 1992 1376 2030 hoc
1423 1991 1563 2030 nuntio

235 2058 469 2099 commotuS‚
487 2064 647 2102 sperans
667 2066 709 2092 se
728 2053 845 2092 etiam
866 2062 949 2093 tum
974 2055 1141 2106 pecunia
1161 2063 1199 2095 et
1219 2056 1395 2106 potentia
1414 2056 1564 2095 instans

235 2115 451 2167 periculum
476 2129 592 2167 posse
615 2118 822 2168 depellere,
844 2120 1009 2158 domum
1030 2120 1153 2159 rediit.
1211 2121 1289 2159 huc
1313 2128 1355 2159 ut
1374 2121 1491 2168 venit,
1512 2121 1564 2160 ab
1583 2131 1624 2163 30

279 2230 298 2258 4
327 2224 362 2251 te
378 2219 454 2252 add.
473 2219 613 2253 Rosius:
635 2232 673 2253 se
690 2222 753 2254 adi.
772 2233 809 2254 se
828 2222 909 2255 Can.
1055 2235 1077 2265 9
1100 2235 1138 2256 ac
1156 2226 1242 2266 petit
1268 2223 1387 2257 Lamb.
1487 2236 1564 2266 per-

237 2263 380 2295 ficienda
402 2264 433 2296 ‘5'
588 2275 626 2297 ιο
650 2265 862 2306 polliceretur
886 2278 908 2298 u
1082 2278 1121 2307 ¹3
1143 2279 1211 2308 quo
1237 2279 1283 2299 u:
1316 2269 1349 2299 in
1376 2279 1442 2309 quo
1473 2269 1562 2302 codd.

240 2315 276 2344 17
301 2307 448 2347 cogitata
468 2307 542 2339 Pu:
568 2310 703 2348 cognita
728 2310 791 2342 rell.
1011 2321 1053 2342 22
1077 2311 1303 2343 conueniundi
1318 2312 1431 2343 inclus.
1451 2312 1562 2343 Halm

237 2351 282 2380 26
305 2350 399 2381 claua
414 2349 453 2382 P.
473 2351 595 2383 Daniel
605 2364 612 2384 :
636 2353 711 2385 laua
723 2353 812 2386 Dan,
832 2353 923 2386 AP:
944 2353 1022 2386 lana
1036 2353 1143 2385 BMR
1158 2366 1165 2386 :
1186 2355 1316 2395 scytala
1331 2355 1446 2387 Aldus
1460 2359 1489 2387 et
1504 2367 1526 2387 u
