1746 2740
720 164 990 202 DATAMES
1417 164 1531 202 XIV.
1551 163 1600 202 vi

176 275 429 314 adducuntur
466 277 646 326 perfugas
685 276 788 313 mala
826 275 906 314 fide
943 274 1247 326 compositoque
1284 274 1435 322 fecisse,
1477 283 1520 314 ut

176 339 322 390 recepti
357 339 493 379 maiori
522 348 654 379 essent
686 339 910 379 calamitati.
968 339 1138 391 primum
1168 353 1237 380 eos
1270 339 1513 380 adoriuntur.

175 404 230 444 illi
259 418 363 453 curn,
393 405 491 456 quid
519 412 697 456 ageretur
725 412 793 444 aut
818 418 939 456 quare
968 406 1087 453 fieret,
1121 404 1359 457 ignorarent,
1393 406 1520 446 coacti

175 479 267 510 sunt
295 484 386 510 cum
411 470 458 510 iis
484 485 669 522 pugnare,
699 472 751 511 ad
780 484 882 522 quos
908 470 1150 520 transierant,
1172 471 1224 511 ab
1253 470 1381 523 iisque
1406 480 1519 520 stare,

138 554 156 586 5
176 549 276 587 quos
315 535 575 587 reliquerant:
614 535 760 587 quibus
792 550 884 576 cum
923 535 1051 576 neutri
1089 545 1305 588 parcerent,
1345 537 1522 578 celeriter

176 610 268 641 sunt
291 600 452 641 concisi.
513 600 686 652 reliquos
713 600 866 640 Pisidas
886 600 1102 641 resistentis
1130 603 1321 642 Datames
1348 602 1521 643 invadit:
1543 620 1557 650 7

177 666 304 718 primo
329 666 479 718 impetu
504 666 625 718 pellit,
651 666 835 718 fugientis
862 667 1123 718 persequitur,
1152 669 1298 708 multos
1325 668 1518 717 interficit,

178 742 304 773 castra
341 732 514 773 hostiurn
554 732 669 784 capit.
730 732 797 772 tali
831 732 997 772 consilio
1036 747 1118 773 uno
1157 741 1334 785 ternpore
1365 742 1404 774 et
1437 748 1523 786 pro-
1541 745 1560 775 8

178 799 325 838 ditores
351 798 516 850 perculit
540 807 579 837 et
606 797 730 837 hostis
761 797 991 849 profligavit,
1017 806 1066 846 et,
1094 800 1204 850 quod
1229 801 1281 839 ad
1307 799 1521 851 perniciem
1578 799 1583 802 ’

122 882 159 906 ιο
179 879 290 904 suam
334 867 458 904 fuerat
497 864 727 916 cogitatum,
768 863 809 903 id
852 865 904 904 ad
951 867 1118 906 salutem
1165 866 1369 906 convertit.
1441 881 1522 918 quo

178 944 307 982 neque
336 930 489 969 acutius
517 929 634 969 ullius
667 929 911 981 imperatoris
942 931 1158 982 cogitatum
1195 946 1326 983 neque
1357 932 1522 972 celerius

178 998 325 1036 factum
354 1009 522 1047 usquam
551 995 727 1047 legimus.

233 1062 297 1101 Ab
317 1063 395 1101 hoc
415 1069 548 1100 tamen
567 1061 651 1100 viro
673 1061 840 1112 Sysinas,
865 1062 1037 1103 maximo
1059 1071 1154 1103 natu
1177 1063 1291 1112 filius,
1311 1063 1451 1105 desciit
1469 1065 1521 1104 ad
1542 1069 1564 1109 7

179 1141 390 1179 regemque
428 1126 579 1166 transiit
615 1135 654 1166 et
692 1128 744 1167 de
785 1127 1008 1168 defectione
1054 1128 1173 1180 patris
1212 1128 1363 1168 detulit.
1440 1143 1521 1180 quo

124 1208 160 1240 ¹5
180 1192 320 1232 nuntio
348 1194 580 1231 Artaxerxes
616 1201 851 1242 commotus,
884 1195 995 1245 quod
1035 1193 1287 1245 intellegebat
1321 1194 1395 1234 sibi
1429 1208 1519 1234 cum

178 1258 262 1297 viro
300 1257 389 1296 forti
426 1271 473 1297 ac
502 1265 661 1297 strenuo
698 1258 900 1310 negotium
941 1273 1041 1308 esse,
1071 1259 1139 1311 qui
1172 1273 1264 1299 cum
1298 1259 1519 1311 cogitasset,

180 1325 307 1363 facere
339 1324 502 1363 auderet
534 1331 573 1362 et
606 1322 713 1375 prius
749 1324 920 1376 cogitare
954 1339 1074 1377 quam
1108 1325 1242 1365 conari
1277 1333 1521 1374 consuesset,

181 1390 525 1441 Autophrodatem
565 1388 606 1428 in
642 1390 940 1441 Cappadociam
981 1391 1110 1445 mittit.
1186 1391 1251 1431 hic
1288 1405 1340 1431 ne
1377 1391 1520 1431 intrare
1542 1407 1556 1428 2

181 1463 324 1506 posset,
347 1457 501 1504 saltum,
527 1455 568 1495 in
597 1469 678 1507 quo
705 1456 867 1497 Ciliciae
904 1465 1040 1509 portae
1071 1465 1163 1497 sunt
1192 1457 1301 1505 sitae,
1331 1459 1522 1497 Datames

124 1535 166 1557 20
182 1534 470 1572 praeoccupare
503 1522 663 1561 studuit.
723 1523 794 1562 sed
835 1530 915 1562 tam
953 1523 1086 1563 subito
1122 1523 1257 1576 copias
1291 1524 1522 1563 contrahere
1543 1534 1561 1565 3

181 1599 262 1625 non
291 1585 431 1637 potuit.
486 1600 511 1625 a
538 1600 617 1638 qua
646 1601 687 1627 re
717 1588 906 1639 depulsus
940 1602 1032 1628 cum
1059 1602 1107 1628 ea
1131 1602 1262 1637 manu,
1285 1602 1405 1640 quam
1432 1602 1524 1628 con-

181 1659 359 1700 traxerat,
374 1653 506 1691 locum
522 1652 658 1703 deligit
679 1654 809 1701 talem,
831 1662 875 1693 ut
898 1668 1028 1706 neque
1049 1654 1319 1694 circumiretur
1337 1654 1389 1693 ab
1405 1654 1523 1693 hosti-

183 1716 256 1755 bus
294 1730 425 1767 neque
462 1717 686 1768 praeteriret
722 1719 975 1767 adversarius,
1018 1719 1114 1771 quin
1153 1719 1391 1771 ancipitibus
1425 1719 1522 1760 locis

182 1790 433 1832 premeretur,
463 1790 514 1829 et,
546 1782 577 1821 si
610 1782 798 1824 dimicare
828 1798 877 1824 eo
907 1786 1035 1832 vellet,
1069 1797 1151 1823 non
1181 1785 1350 1824 multum
1381 1785 1523 1824 obesse

127 1861 163 1894 25
184 1846 397 1886 multitudo
417 1846 589 1887 hostium
611 1862 705 1889 suae
726 1850 913 1902 paucitati
933 1858 1077 1901 posset.

239 1913 353 1951 Haec
373 1912 445 1952 etsi
467 1916 791 1967 Autophrodates
814 1918 983 1968 videbat,
1007 1926 1141 1959 tamen
1173 1916 1308 1957 statuit
1334 1916 1521 1968 congredi
1543 1917 1568 1956 8

184 1989 304 2027 quam
341 1991 432 2017 cum
472 1979 590 2019 tantis
624 1981 749 2033 copiis
783 1984 958 2034 refugere
995 1992 1064 2024 aut
1098 1992 1177 2023 tam
1214 1982 1283 2022 diu
1317 1995 1399 2021 uno
1432 1983 1522 2021 loco

184 2042 330 2082 sedere.
389 2045 562 2085 habebat
587 2047 841 2087 barbarorum
862 2049 1041 2100 equitum
1062 2062 1138 2099 xx,
1157 2049 1337 2101 peditum
1359 2055 1519 2087 centum
1541 2061 1557 2084 2

184 2106 302 2156 milia,
328 2123 428 2160 quos
460 2110 513 2149 illi
542 2112 740 2152 Cardacas
768 2116 979 2165 appellant,
1006 2115 1265 2167 eiusdemque
1295 2113 1448 2166 generis
1471 2115 1521 2152 ῑΓι

125 2188 166 2220 3ο
184 2175 438 2224 funditorum,
476 2186 677 2228 praeterea
710 2180 996 2231 Cappadocum
1031 2183 1119 2229 W,
1158 2181 1436 2221 Armeniorum
1479 2180 1518 2227 ἲ,

185 2241 485 2292 Paphlagonum
511 2247 550 2290 ἢ,
574 2244 771 2295 Phrygum
801 2247 840 2294 ἰ,
870 2247 1071 2297 Lydorum
1093 2250 1128 2294 ῦ,
1152 2245 1446 2297 Aspendiorum
1480 2253 1519 2285 et

187 2304 405 2345 Pisidarum
433 2307 585 2347 circiter
611 2312 671 2357 ᾖ,
694 2309 864 2350 Cilicum
890 2313 931 2359 ῑῖ,
955 2311 1238 2363 Captianorum
1268 2311 1446 2359 totidem,
1471 2324 1518 2350 ex

228 2419 269 2440 22
293 2410 419 2450 delegit
434 2410 531 2443 MRu
662 2423 705 2453 29
728 2413 898 2446 Cardacas
912 2425 953 2446 u:
979 2415 1151 2448 Cardacas
1162 2414 1251 2448 Dan.
1265 2415 1299 2446 A
1315 2427 1322 2447 :
1347 2392 1516 2449 Gardatas

186 2453 272 2494 (·tus
287 2453 331 2493 R,
347 2459 414 2486 ·tes
430 2453 484 2496 M)
502 2454 606 2487 MPR
622 2467 629 2487 ι
653 2456 821 2489 Gradatas
836 2458 870 2490 B
