1746 2740
166 131 291 168 XXV.
316 128 394 167 xvi
650 126 902 167 CORNELI
933 124 1173 166 NEPOTIS

213 256 231 287 3
251 239 485 279 familiarior.
544 238 579 278 ei
600 237 652 278 rei
674 245 766 277 sunt
785 236 934 277 indicio
954 245 1105 289 praeter
1123 252 1192 278 eos
1217 238 1349 287 libros,
1371 239 1411 279 in
1432 239 1576 291 quibus

250 306 301 344 de
330 319 380 344 eo
408 303 499 343 facit
530 303 784 351 mentionem,
807 302 875 353 qui
905 302 944 341 in
966 304 1104 354 vulgus
1124 311 1216 343 sunt
1235 303 1343 352 editi,
1368 316 1440 344 xvi
1470 286 1577 345 vosu-

251 369 358 408 mina
385 369 652 421 epistularum,
683 368 736 406 ab
765 369 972 407 consulatu
1004 367 1088 407 eius
1121 382 1247 420 usque
1275 370 1327 409 ad
1360 377 1577 410 extremum

252 442 407 486 tempus
426 435 477 473 ad
498 433 675 472 Atticum
697 432 903 472 missarum
923 447 931 471 :
961 446 1063 484 quae
1083 433 1150 484 qui
1172 435 1285 485 legat,
1307 448 1388 474 non
1409 436 1576 474 multum

161 520 178 533 ο
211 513 230 542 4
251 499 448 538 desideret
468 497 669 537 historiam
690 504 913 536 contextam
936 511 1072 536 eorum
1096 506 1328 550 temporum.
1386 499 1443 539 sic
1470 499 1577 539 enim
1599 514 1618 548 5

250 563 385 603 omnia
412 564 463 602 de
486 562 626 602 studiis
646 561 880 613 principum,
901 561 1004 601 vitiis
1024 563 1182 611 ducum,
1210 562 1495 604 mutationibus
1522 564 1579 604 rei

251 628 432 680 publicae
465 627 679 678 perscripta
711 634 812 675 sunt,
849 634 893 666 ut
922 626 1019 665 nihil
1051 626 1091 665 in
1124 627 1180 667 eis
1211 642 1291 667 non
1324 636 1510 680 appareat
1539 637 1580 669 et

253 693 365 732 facile
384 692 593 732 existimari
613 691 747 742 possit,
770 691 1019 743 prudentiam
1042 693 1217 743 quodam
1239 693 1361 733 modo
1380 707 1465 732 esse
1483 692 1580 733 divi-

252 757 465 797 nationem.
524 771 604 796 non
634 756 739 796 enirn
761 756 903 797 Cicero
931 770 979 796 ea
1007 758 1148 805 solum,
1171 771 1272 808 quae
1292 757 1382 798 vivo
1410 772 1452 798 se
1480 757 1579 798 acci-

251 825 404 870 derunt,
426 824 555 862 sutura
583 821 784 873 praedixit,
807 823 877 861 sed
907 821 1037 870 etiam,
1061 836 1163 873 quae
1183 837 1289 862 nunc
1310 837 1382 863 usu
1403 823 1576 871 veniunt,
1601 840 1640 864 ιο

253 887 395 928 cecinit
414 894 457 926 ut
477 895 594 926 vates.

194 958 236 998 17
310 955 372 992 De
392 951 536 1003 pietate
566 959 698 991 autem
720 951 840 990 Attici
863 951 960 1003 quid
986 954 1097 1004 plura
1116 955 1459 993 commemorem?
1487 967 1578 992 cum

254 1020 331 1058 hoc
359 1017 488 1069 ipsum
508 1031 597 1056 vere
616 1016 847 1067 gloriantem
873 1017 1064 1056 audierim
1086 1018 1126 1056 in
1147 1020 1281 1057 funere
1309 1018 1443 1057 matris
1471 1031 1577 1066 suae,

252 1097 371 1134 quam
392 1081 528 1122 extulit
547 1095 741 1121 annorum
765 1081 990 1132 nonaginta,
1013 1096 1104 1121 cum
1125 1089 1218 1122 esset
1241 1091 1392 1134 septem
1412 1091 1452 1122 et
1475 1096 1580 1122 sexa-

250 1147 369 1200 ginta,
386 1161 428 1187 se
448 1161 665 1198 numquam
686 1160 776 1186 cum
798 1155 921 1186 matre
940 1146 980 1185 in
1001 1147 1163 1198 gratiam
1184 1148 1342 1196 redisse,
1361 1160 1578 1198 numquam
1601 1160 1640 1194 ¹⁵

250 1227 341 1253 cum
363 1227 494 1252 sorore
514 1212 633 1251 fuisse
659 1211 698 1250 in
726 1211 934 1260 simultate,
950 1227 1069 1263 quam
1090 1227 1212 1264 prope
1232 1214 1437 1264 aequalem
1462 1213 1580 1251 habe—

215 1296 229 1318 2
251 1279 328 1318 bat.
387 1279 496 1329 quod
516 1284 575 1316 est
594 1276 749 1328 signum
769 1284 837 1316 aut
857 1279 1005 1316 nullam
1036 1292 1224 1329 umquam
1247 1278 1347 1318 inter
1366 1293 1435 1318 eos
1455 1277 1579 1329 queri-

251 1343 425 1383 moniam
445 1341 721 1390 intercessisse,
736 1350 804 1381 aut
819 1343 926 1381 hunc
947 1357 993 1382 ea
1013 1342 1132 1382 fuisse
1151 1343 1191 1382 in
1213 1357 1305 1382 suos
1322 1342 1576 1395 indulgentia,

213 1424 232 1456 3
251 1416 304 1456 ut,
327 1421 427 1459 quos
452 1420 584 1446 amare
604 1406 777 1454 deberet,
799 1406 911 1445 irasci
931 1407 987 1446 eis
1009 1409 1118 1446 nefas
1138 1409 1309 1447 duceret.
1380 1421 1510 1458 neque
1536 1406 1578 1446 id

249 1472 342 1512 fecit
361 1480 499 1512 natura
518 1473 658 1518 solum,
675 1485 916 1522 quamquam
938 1485 1077 1511 omnes
1097 1471 1132 1511 ei
1154 1485 1348 1523 paremus,
1367 1473 1438 1512 sed
1459 1471 1577 1511 etiam
1601 1486 1638 1509 πο

250 1537 430 1577 doctrina
447 1552 454 1576 :
483 1550 574 1575 nam
591 1535 813 1586 principum
830 1535 1155 1587 philosophorum
1174 1537 1228 1576 ita
1242 1544 1427 1589 percepta
1440 1535 1578 1575 habuit

250 1610 469 1656 praecepta,
491 1609 534 1640 ut
560 1600 606 1640 iis
632 1602 683 1640 ad
711 1600 829 1640 vitam
856 1603 1063 1652 agendam,
1086 1615 1166 1642 non
1193 1604 1244 1642 ad
1273 1600 1577 1642 ostentationem

251 1661 432 1707 uteretur.

190 1734 233 1772 18
307 1732 432 1771 Moris
451 1731 569 1771 etiam
600 1731 790 1771 maiorum
813 1746 991 1773 summus
1028 1733 1199 1773 imitator
1224 1733 1297 1772 suit
1322 1730 1580 1784 antiquitatis-

252 1811 330 1849 que
348 1804 510 1844 amator,
531 1811 651 1848 quam
677 1799 780 1836 adeo
809 1797 1015 1849 diligenter
1036 1799 1173 1839 habuit
1193 1798 1403 1850 cognitam,
1428 1805 1471 1837 ut
1490 1810 1578 1837 eam
1600 1811 1639 1843 ²5

252 1851 375 1903 totam
396 1862 436 1902 in
455 1877 504 1902 eo
523 1861 723 1902 volumine
744 1864 976 1914 exposuerit,
1000 1878 1081 1915 quo
1105 1863 1351 1915 magistratus
1371 1861 1575 1902 ordinavit.

216 1944 232 1966 2
253 1929 360 1967 nulla
379 1927 484 1967 enim
510 1929 572 1967 lex
598 1941 727 1978 neque
755 1942 831 1978 pax
858 1942 988 1979 neque
1010 1929 1156 1968 bellum
1178 1942 1308 1980 neque
1335 1941 1395 1967 res
1421 1925 1590 1966 illustris>

253 2000 311 2033 est
326 1992 461 2044 populi
476 1991 660 2040 Romani,
679 2006 781 2043 quae
796 2006 877 2032 non
894 1993 933 2031 in
950 2007 998 2032 eo
1013 2007 1086 2032 suo
1102 2001 1279 2044 tempore
1298 1992 1348 2032 sit
1361 1999 1506 2039 notata,
1526 1998 1576 2038 ct,

253 2059 362 2109 quod
377 2057 650 2097 difficillimum
673 2057 756 2106 fuit,
774 2057 830 2097 sic
845 2058 1078 2097 familiarum
1096 2058 1284 2109 originem
1306 2056 1515 2104 subtexuit,
1536 2062 1579 2094 ut

254 2137 302 2162 ex
331 2136 380 2162 eo
412 2124 604 2162 clarorum
639 2121 809 2162 virorum
839 2123 1072 2173 propagines
1102 2122 1298 2174 possimus
1329 2133 1576 2172 cognoscere.
1598 2132 1641 2164 30

217 2199 236 2230 3
256 2187 444 2227 fecithoc
463 2187 569 2227 idem
597 2187 805 2238 separatim
831 2186 872 2226 in
900 2187 985 2226 aliis
1012 2187 1129 2235 libris,
1153 2195 1195 2226 ut
1225 2188 1282 2226 M.
1305 2185 1414 2225 Bruti
1443 2192 1579 2236 rogatu

258 2251 414 2291 Iuniam
435 2252 621 2292 familiam
641 2266 664 2291 a
684 2251 802 2303 stirpe
826 2252 878 2291 ad
906 2253 1009 2291 hanc
1035 2259 1202 2291 aetatem
1222 2250 1361 2291 ordine
1380 2263 1581 2289 enumera-

302 2368 322 2388 2
345 2366 405 2388 xvr
419 2356 553 2389 Aldus:
578 2366 614 2387 xi
627 2354 716 2387 codd.
805 2365 826 2395 5
850 2355 1021 2387 desiderat
1032 2355 1118 2387 AB:
1137 2355 1240 2386 -rabit
1255 2354 1364 2385 Halm
1442 2363 1480 2393 14
1505 2364 1579 2385 cum

259 2406 350 2432 esset
377 2399 465 2432 BR:
497 2409 572 2431 cum
598 2399 656 2430 A:
690 2409 765 2430 cum
794 2399 868 2439 ipse
893 2404 986 2430 esset
1009 2398 1158 2430 Dietscla:
1191 2398 1288 2429 annis
1311 2396 1412 2439 Nipp.
1537 2405 1577 2428 21

259 2454 335 2476 nam
354 2448 388 2475 et
404 2443 474 2474 AR
603 2444 645 2474 26
667 2442 836 2474 ordinauit
846 2442 884 2481 J.
908 2442 945 2475 G.
968 2442 1069 2474 Voss:
1091 2441 1225 2473 ornauit
1241 2440 1327 2472 mdd.
