1746 2740
141 110 195 148 X..
210 108 226 147 i
632 108 884 148 CORNELI
914 108 953 148 N
957 108 1154 147 EPOTIS

190 231 208 260 1
281 221 407 267 DloN,
430 218 643 271 Hipparini
664 219 777 267 filius,
799 220 1076 270 Syracusanus,
1101 218 1226 259 nobili
1254 231 1398 270 genere
1426 225 1552 267 natus,

225 291 390 336 utraque
418 283 642 335 implicatus
670 283 877 335 tyrannide
913 283 1206 335 Dionysiorum.
1278 297 1452 335 namque
1490 283 1556 323 ille

225 349 401 401 superior
429 349 744 398 Aristomachen,
780 363 954 390 sororem
990 349 1142 397 Dionis,
1178 349 1316 389 habuit
1354 349 1395 388 in
1429 347 1556 388 matri-

226 415 372 464 monio,
421 429 469 455 ex
515 429 594 467 qua
639 416 742 456 duos
789 415 904 464 filios,
948 415 1214 467 Hipparinum
1263 423 1302 455 et
1348 415 1553 463 Nisaeum,

224 480 441 533 procreavit
461 480 709 532 totidemque
729 480 838 528 filias,
856 479 1018 521 nomine
1038 481 1319 532 Sophrosynen
1340 487 1379 521 et
1393 482 1553 527 Areten,
1573 495 1592 530 5

225 559 390 597 quarum
419 544 589 596 priorem
618 545 812 596 Dionysio
839 545 933 594 filio,
953 544 1083 585 eidem
1109 545 1173 584 cui
1197 559 1361 596 regnum
1387 544 1553 596 reliquit,

187 630 204 652 2
226 619 393 663 nuptum
413 610 535 658 dedit,
556 612 735 659 alteram,
750 613 909 658 Areten,
930 610 1062 650 Dioni.
1124 610 1232 650 Dion
1251 618 1385 650 autem
1405 617 1557 662 praeter

224 676 399 715 nobilem
437 674 773 727 propinquitatem
811 689 1123 727 generosamque
1161 675 1363 715 maiorum
1410 677 1555 715 famam

224 742 348 780 multa
374 740 451 779 alia
479 740 530 779 ab
559 747 698 780 natura
726 740 864 780 habuit
894 740 1010 789 bona,
1032 740 1072 780 in
1102 740 1163 780 his
1190 740 1392 792 ingenium
1412 739 1574 790 docile,

224 820 349 854 come,
364 813 501 857 aptum
521 807 573 845 ad
592 813 694 845 artes
715 805 896 856 optimas,
914 820 1098 857 magnam
1119 805 1292 857 corporis
1309 805 1552 856 dignitatem,
1577 823 1616 846 ιο

224 885 326 923 quae
352 865 669 910 non'minimum
698 872 963 918 commendat,
990 885 1151 922 magnas
1176 878 1376 922 praeterea
1400 870 1556 911 divitias

187 951 206 983 3
224 950 247 976 a
267 944 375 987 patre
395 936 560 985 relictas,
582 950 680 987 quas
706 935 790 987 ipse
816 936 969 987 tyranni
998 936 1226 975 muneribus
1246 944 1415 976 auxerat.
1475 943 1556 976 erat

224 1001 385 1041 intimus
418 1000 609 1051 Dionssio
637 1000 765 1052 priori,
790 1015 920 1052 neque
948 1001 1078 1040 minus
1105 1009 1263 1052 propter
1287 1015 1416 1040 mores
1435 1015 1554 1052 quam

223 1067 463 1106 affinitatem.
522 1080 694 1117 namque
716 1066 789 1106 etsi
818 1066 998 1117 Dionysii
1022 1066 1232 1106 crudelitas
1252 1066 1288 1106 ei
1307 1066 1552 1118 displicebat,

225 1139 357 1171 tamen
377 1133 527 1171 salvum
549 1139 707 1182 propter
734 1131 1080 1180 necessitudinem,
1105 1131 1228 1182 magis
1255 1131 1373 1171 etiam
1393 1144 1554 1170 suorum
1578 1146 1614 1178 ¹5

225 1210 342 1236 causa
370 1196 565 1236 studebat.
623 1197 758 1236 aderat
787 1196 827 1235 in
858 1196 1009 1247 magnis
1039 1197 1166 1245 rebus,
1198 1196 1361 1247 eiusque
1389 1196 1556 1236 consilio

225 1263 392 1301 multum
425 1262 656 1300 movebatur
690 1269 888 1311 tyrannus,
922 1261 996 1300 nisi
1028 1275 1106 1312 qua
1137 1261 1176 1300 in
1211 1276 1251 1301 re
1283 1261 1407 1300 maior
1435 1261 1556 1312 ipsius

186 1342 206 1373 4
224 1325 418 1377 cupiditas
439 1325 719 1365 intercesserat.
779 1325 994 1377 legationes
1014 1340 1107 1365 vero
1127 1340 1277 1374 omneS,
1300 1340 1402 1376 quae
1425 1333 1557 1365 essent

225 1390 461 1438 illustriores,
484 1404 552 1441 per
573 1390 745 1429 Dionem
767 1389 1165 1435 administrabantur:
1197 1404 1293 1442 quas
1309 1390 1469 1441 quidem
1491 1391 1555 1430 ille

225 1455 430 1507 diligenter
461 1456 660 1503 obeundo,
695 1455 861 1494 fideliter
892 1455 1206 1495 administrando
1239 1455 1553 1495 crudelissimum
1575 1473 1615 1495 20

189 1535 207 1569 5
225 1535 371 1561 nomen
399 1520 550 1572 tyranni
577 1534 648 1559 sua
673 1520 917 1560 humanitate
944 1521 1126 1560 leniebat.
1185 1522 1291 1560 hunc
1317 1535 1341 1560 a
1363 1520 1555 1571 Dionysio

225 1586 389 1625 missum
418 1585 766 1636 Karthaginienses
791 1594 1058 1637 suspexerunt,
1082 1594 1124 1626 ut
1144 1586 1344 1626 neminem
1365 1599 1554 1637 umquam

226 1653 378 1691 Graeca
396 1650 528 1702 lingua
547 1652 777 1702 loquentem
799 1651 921 1703 magis
942 1652 1019 1691 sint
1039 1652 1230 1692 admirati.

183 1730 209 1759 2
281 1718 422 1767 Neque
454 1730 547 1756 vero
585 1717 682 1756 haec
724 1716 959 1767 Dionysium
1000 1717 1226 1768 fugiebant:
1273 1731 1365 1756 nam
1404 1724 1553 1768 quanto

226 1789 328 1820 esset
359 1781 433 1820 sibi
464 1789 708 1829 ornamento,
740 1782 945 1822 sentiebat.
1015 1797 1096 1834 quo
1135 1783 1253 1822 fiebat
1291 1790 1334 1821 ut
1362 1781 1429 1821 uni
1460 1781 1553 1820 huic
1573 1794 1613 1826 25

190 1863 205 1885 2
228 1846 395 1886 maxime
415 1846 633 1897 indulgeret
654 1860 784 1899 neque
805 1862 896 1887 eum
917 1862 1029 1887 secus
1045 1847 1222 1899 diligeret
1241 1862 1287 1887 ac
1307 1847 1430 1886 filium
1450 1862 1457 1886 ε
1487 1845 1554 1897 qui

225 1911 399 1962 quidem,
421 1924 512 1950 cum
541 1914 746 1952 Platonem
777 1915 993 1952 Tarentum
1014 1912 1167 1952 venisse
1194 1914 1297 1951 fama
1321 1911 1361 1950 in
1382 1911 1553 1951 Siciliam

225 1983 327 2016 esset
358 1977 518 2027 perlata,
551 1977 795 2017 adulescenti
827 1991 967 2029 negare
999 1991 1079 2017 non
1112 1977 1292 2028 potuerit,
1328 1976 1423 2027 quin
1462 1989 1554 2015 eum

225 2049 451 2088 accerseret,
487 2055 578 2080 cum
619 2042 726 2081 Dion
764 2042 847 2082 eius
885 2042 1073 2083 audiendi
1111 2042 1326 2093 cupiditate
1364 2043 1550 2092 flagraret.

227 2105 337 2146 dedit
357 2119 449 2156 ergo
468 2105 560 2145 huic
580 2107 735 2146 veniam
757 2121 977 2158 magnaque
997 2120 1087 2146 eum
1107 2106 1324 2146 ambitione
1344 2107 1552 2156 Syracusas
1572 2119 1615 2151 30

193 2186 210 2218 3
228 2169 418 2222 perduxit.
478 2184 596 2221 quem
626 2171 732 2210 Dion
759 2173 860 2211 adeo
885 2171 1100 2211 admiratus
1127 2178 1185 2210 est
1204 2179 1323 2221 atque
1342 2169 1550 2217 adamavit,

272 2274 292 2305 8
316 2284 515 2314 generosam
529 2284 623 2315 prop.
634 2275 849 2315 nobilemque
862 2273 1013 2306 Deden'clt
1118 2285 1129 2305 1
1139 2284 1151 2305 1
1179 2274 1391 2305 commendat
1407 2272 1528 2306 Lamb.
1543 2284 1552 2304 :

229 2317 484 2349 commendatur
499 2317 588 2350 codd.
722 2328 760 2349 21
788 2319 932 2350 leniebat
949 2316 1091 2349 Lamb.:
1125 2318 1261 2349 tenebat
1282 2317 1390 2350 codd:
1417 2317 1553 2357 tegebat

230 2371 252 2392 u
268 2364 297 2392 ct
310 2359 383 2392 deu.
520 2362 562 2392 26
586 2362 693 2402 magis
707 2360 816 2393 A¹Ru
832 2364 860 2392 et
876 2372 948 2393 nar.
966 2361 1030 2393 lect.
1047 2361 1082 2392 in
1098 2359 1132 2392 P
