1746 2740
549 363 899 404 EXCERPTVM
941 364 974 402 E
1014 364 1188 404 L113Ro

516 475 842 524 CORNELI
899 474 1219 523 NEPOTIS

403 600 502 648 DE
554 601 856 650 LATINIS
905 599 1336 648 HISTORICIS'

257 724 313 761 M.
333 723 459 770 CATO,
482 730 590 761 ortus
611 721 828 774 municipio
848 723 1036 769 Tusculo,
1058 721 1393 769 adulescentulus,
1414 718 1531 771 prius·
1553 731 1570 759 1

200 801 319 839 quam
359 786 576 826 honoribus
614 800 775 838 operam
814 787 936 835 daret,
976 793 1150 826 versatus
1188 793 1247 825 est
1284 785 1325 824 in
1364 784 1530 832 Sabinis,

200 854 309 904 quod
336 851 390 891 ibi
417 851 622 892 heredium
641 865 666 891 a
685 860 794 903 patre
814 851 993 891 relictum
1013 851 1196 890 habebat.
1256 850 1350 890 inde
1376 851 1533 890 hortatu
1580 862 1582 864 ’

202 920 244 957 L.
277 916 422 957 Valerii
461 916 603 964 Flacci,
640 931 759 968 quem
798 917 838 956 in
873 917 1082 957 consulatu
1116 929 1361 967 censuraque
1394 915 1534 955 habuit

163 999 180 1029 5
200 983 406 1034 collegam,
439 990 482 1022 ut
522 985 577 1021 M.
616 985 824 1034 Perpenna
861 982 1063 1022 censorius
1101 995 1256 1021 narrare
1289 980 1427 1021 solitus
1461 988 1531 1029 est,

204 1050 373 1087 Romam
395 1047 625 1098 demigravit
645 1047 686 1087 in
707 1050 872 1099 foroque
892 1061 978 1087 esse
998 1047 1140 1098 coepit.
1199 1046 1370 1098 primum
1391 1046 1534 1098 stipen-
1556 1065 1571 1086 2

201 1114 310 1153 dium
342 1112 483 1152 meruit
511 1126 705 1152 annorum
736 1114 875 1152 decem
910 1119 1155 1163 septemque.
1228 1113 1279 1162 Q.
1317 1111 1442 1151 Fabio
1474 1113 1531 1152 M.

202 1179 373 1218 Claudio
401 1177 631 1218 consulibus
661 1177 840 1217 tribunus
870 1177 1039 1216 militum
1069 1176 1109 1216 in
1139 1176 1271 1216 Sicilia
1299 1176 1382 1216 suit.
1412 1176 1534 1225 ,inde

202 1252 244 1283 ut
273 1244 404 1292 rediit,
426 1252 552 1284 castra
581 1250 738 1283 secutus
768 1250 827 1282 est
852 1243 896 1283 C.
921 1241 1078 1283 Claudii
1109 1241 1292 1290 Neronis,
1321 1241 1534 1294 magnique

147 1324 184 1347 10
202 1324 322 1361 opera
336 1310 419 1350 eius
439 1309 659 1349 existimata
675 1316 734 1348 est
755 1307 794 1347 in
815 1307 965 1359 proelio
984 1308 1092 1358 apud
1113 1309 1270 1355 Senam,
1288 1321 1370 1358 quo
1389 1307 1534 1348 cecidit

204 1375 442 1423 Hasdrubal,
464 1376 580 1415 frater
602 1372 854 1414 Hannibalis.
917 1380 1101 1424 quaestor
1120 1371 1261 1424 obtigit
1281 1374 1323 1411 P.
1347 1371 1533 1412 Africano
1554 1386 1572 1418 3

200 1439 364 1488 consuli,
386 1454 477 1479 cum
504 1454 585 1492 quo
612 1453 693 1480 non
724 1452 795 1491 pro
822 1437 936 1478 sortis
963 1436 1255 1477 necessitudine
1280 1436 1397 1477 vixit:
1427 1451 1534 1477 nam-

200 1519 278 1556 que
297 1505 349 1544 ab
374 1519 423 1545 eo
449 1513 639 1557 perpetua
665 1503 850 1545 dissensit
869 1503 958 1543 vita.
1017 1502 1156 1542 aedilis
1185 1501 1291 1554 plebi
1321 1503 1447 1542 factus
1476 1510 1535 1542 est

200 1584 291 1609 cum
326 1572 370 1612 C.
405 1570 562 1611 Helvio.
621 1579 776 1622 praetor
813 1568 1056 1621 provinciam
1090 1567 1262 1608 obtinuit
1299 1567 1532 1616 Sardiniam,
1554 1585 1573 1615 4

143 1651 181 1684 15
201 1649 248 1675 ex
285 1650 363 1687 qua
401 1644 586 1687 quaestor
623 1635 823 1687 superiore
862 1642 1040 1685 tempore
1078 1648 1126 1673 ex
1163 1632 1297 1673 Africa
1334 1634 1534 1674 decedens

202 1702 251 1750 Q.
276 1701 448 1740 Ennium
480 1709 637 1752 poetam
669 1702 896 1747 deduxerat,
923 1700 1033 1750 quod
1059 1712 1140 1738 non
1169 1697 1330 1738 minoris
1356 1698 1534 1738 aestima-

200 1779 287 1805 mus
325 1780 444 1817 quam
483 1766 702 1818 quemlibet
741 1765 1028 1817 amplissimum
1070 1763 1362 1804 Sardiniensem
1403 1763 1534 1803 trium-

199 1832 334 1881 phuni.

255 1899 515 1936 Consulatum
549 1896 668 1948 gessit
701 1910 792 1935 cum
829 1898 871 1935 L.
904 1894 1063 1935 Valerio
1098 1896 1252 1934 Flacco.
1311 1902 1415 1934 sorte
1449 1905 1576 1946 pro-2

143 1976 183 1999 20
200 1961 368 2001 vinciam
394 1970 532 2002 nactus
561 1961 797 2013 Hispaniam
826 1960 1044 2000 citeriorem
1067 1974 1194 2011 exque
1215 1974 1261 1999 ea
1287 1959 1530 2011 triumphum

200 2026 431 2078 deportavit.
490 2026 543 2066 ibi
569 2040 659 2066 cum
680 2025 829 2066 diutius
854 2033 1079 2073 moraretur,
1103 2027 1145 2064 P.
1169 2023 1302 2076 Scipio
1322 2023 1531 2064 Africanus
1553 2041 1568 2063 2

200 2093 338 2131 consul
373 2092 524 2140 iterum,
561 2091 672 2135 cuius
706 2091 746 2130 in
781 2090 898 2142 priori
933 2091 1141 2130 consulatu
1175 2097 1360 2141 quaestor
1393 2091 1528 2138 fuerat,

199 2157 323 2197 voluit
356 2171 446 2197 eum
481 2158 531 2197 de
570 2156 771 2208 provincia
808 2157 1005 2207 depellere
1039 2163 1078 2195 et
1115 2155 1198 2206 ipse
1232 2154 1267 2194 ei
1306 2156 1528 2202 succedere,

201 2236 329 2274 neque
356 2225 432 2262 hoc
457 2237 525 2274 per
551 2230 731 2262 senatum
752 2222 905 2261 efficere
932 2220 1070 2272 potuit,
1094 2234 1183 2259 cum
1206 2219 1369 2271 quidem
1398 2219 1531 2271 Scipio

248 2332 258 2351 1
281 2321 325 2353 M.
340 2321 372 2352 A
392 2333 399 2352 :
424 2332 490 2353 om.
503 2320 565 2352 rell.
656 2330 675 2360 5
694 2319 870 2351 censorius
886 2317 1024 2361 Magius
1045 2329 1052 2350 :
1076 2317 1276 2349 censorinus
1287 2317 1423 2349 ABPR
1509 2329 1532 2358 9

201 2365 239 2396 C.
260 2364 378 2439 Larzb.
395 2376 400 2395 z
427 2364 464 2396 P.
484 2364 574 2396 codd.
684 2365 723 2394 16
746 2363 947 2395 extimamus
962 2362 1018 2393 A:
1044 2361 1275 2394 existimamus
1290 2360 1324 2392 B
1420 2371 1463 2392 ρο
1485 2371 1530 2393 ex

201 2418 307 2448 eaque
