1746 2740
137 498 155 530 5

120 822 158 844 ῐΟ

119 1477 159 1499 20

121 1800 159 1832 ²5

678 113 993 152 MILTIADES
1484 113 1517 152 Ι.
1533 111 1596 150 vii

175 222 310 273 copias
340 236 362 261 e
391 222 559 262 na‘vibus
587 223 734 271 eduxit,
765 224 905 263 urbem
934 223 1120 275 operibus
1149 223 1290 263 clausit
1318 223 1510 274 omnique

175 295 401 328 commeatu
430 288 609 340 privavit,
637 288 732 328 dein
759 288 885 328 vineis
912 302 959 328 ac
988 288 1255 328 testudinibus
1284 287 1509 328 constitutis

175 352 336 404 propius
368 367 503 393 muros
530 353 707 393 accessit.
765 367 858 393 cum
886 353 966 392 iam
993 352 1035 392 in
1063 366 1113 393 eo
1141 360 1255 402 esset,
1286 360 1330 392 ut
1358 351 1509 404 oppido
1529 366 1548 398 3

175 417 374 468 potiretur,
410 420 548 471 procul
581 419 622 458 in
656 418 877 459 contInenti
911 420 1033 467 lucus,
1069 418 1138 470 qui
1172 432 1220 458 ex
1256 413 1386 457 in⁸sula
1417 431 1510 456 con-

175 482 424 533 spiciebatur,
459 484 596 523 nescio
629 498 712 536 quo
745 498 839 524 casu
876 491 1072 523 nocturno
1110 491 1290 535 tempore
1322 483 1509 522 incensus

175 556 244 588 est.
303 549 414 589 cuius
443 552 604 590 flamma
633 558 676 590 ut
703 550 755 589 ab
783 549 994 601 oppidanis
1021 556 1060 588 et
1087 547 1426 600 oppugnatoribus
1449 554 1510 586 est

176 613 268 662 visa,
290 613 466 665 utrisque
489 615 596 654 venit
625 614 667 654 in
692 614 922 666 opinionem
950 614 1106 665 signum
1129 627 1153 653 a
1176 612 1382 652 classiariis
1408 611 1509 663 regis

176 679 325 718 datum.
384 693 465 730 quo
490 681 639 719 factum
663 687 723 719 est
749 687 793 719 ut
818 687 857 719 et
881 679 983 718 Parii
1002 693 1027 718 a
1045 678 1250 718 deditione
1270 679 1510 718 deterreren-
1527 694 1549 724 4

177 751 239 782 tur
258 751 297 783 et
318 743 532 793 Miltiades,
554 745 699 784 timens
719 759 771 784 ne
791 744 925 784 classis
949 744 1054 795 regia
1073 745 1314 790 adventaret,
1337 742 1509 782 incensis

177 809 373 859 operibus,
405 823 508 860 quae
536 817 735 859 statuerat,
766 824 857 849 curn
887 810 1054 849 totidem
1083 808 1251 848 navibus
1278 816 1399 859 atque
1428 815 1510 848 erat

177 875 374 924 profectus
402 876 582 914 Athenas
617 889 760 927 magna
788 889 880 914 cum
915 874 1134 914 offensione
1168 873 1313 913 civium
1347 887 1509 913 suorum

177 939 329 977 rediret.
387 948 596 980 accusatus
623 954 716 992 ergo
741 948 801 980 est
827 939 1074 991 proditionis,
1101 940 1222 990 quod,
1244 952 1337 978 cum
1366 940 1509 978 Parum
1530 951 1548 982 5

176 1017 398 1055 expugnare
413 1013 557 1055 posset,
572 1019 596 1045 a
611 1020 702 1057 rege
721 1014 927 1056 corruptus
942 1004 1097 1045 infectis
1112 1005 1230 1044 rebus
1250 1003 1507 1044 discessisset.

177 1083 225 1108 eo
246 1077 424 1120 tempore
449 1084 564 1122 aeger
587 1079 669 1110 erat
692 1070 931 1119 vulneribus,
952 1084 1055 1122 quae
1078 1069 1119 1109 in
1146 1071 1417 1121 oppugnando
1442 1083 1511 1121 op-

178 1134 273 1185 pido
301 1143 516 1186 acceperat.
575 1136 708 1187 itaque
741 1135 930 1187 quoniam
965 1135 1049 1186 ipse
1081 1149 1153 1187 pro
1187 1149 1229 1174 se
1262 1134 1394 1174 dicere
1426 1148 1508 1174 non

178 1207 322 1250 posset,
358 1202 477 1240 verba
510 1202 603 1242 fecit
635 1203 752 1242 frater
784 1201 869 1241 eius
903 1203 1139 1253 Stesagoras.
1200 1214 1318 1240 causa
1351 1200 1510 1252 cognita
1528 1209 1548 1241 6

178 1265 315 1317 capitis
343 1267 549 1307 absolutus
577 1268 747 1319 pecunia
775 1268 963 1307 multatus
990 1275 1060 1316 est,
1088 1281 1215 1318 eaque
1244 1266 1291 1306 lis
1317 1266 1510 1318 quinqua-

176 1330 284 1382 ginta
317 1332 474 1372 talentis
507 1333 713 1373 aestimata
746 1341 816 1382 est,
852 1341 1023 1385 quantus
1056 1333 1097 1372 in
1131 1334 1298 1372 classem
1327 1339 1509 1383 sumptus

178 1397 303 1436 factus
323 1404 415 1436 erat.
474 1399 578 1438 hanc
598 1398 808 1450 pecuniam
824 1399 935 1450 quod
955 1400 1106 1438 solvere
1125 1398 1166 1436 in
1186 1396 1408 1449 praesentia
1426 1410 1509 1436 non

178 1469 341 1512 poterat,
372 1463 413 1502 in
441 1463 571 1503 vincla
598 1464 759 1516 publica
787 1463 990 1504 coniectus
1019 1471 1078 1503 est
1111 1463 1247 1514 ibique
1275 1462 1382 1503 diem
1411 1461 1511 1502 obiit

178 1540 416 1578 supremum.

232 1592 312 1632 Hic
342 1593 415 1633 etsi
443 1594 608 1635 crimine
638 1594 753 1635 Pario
781 1602 841 1635 est
869 1602 1088 1643 accusatus,
1121 1602 1254 1635 tamen
1287 1594 1364 1633 alia
1391 1607 1510 1633 causa
1528 1594 1554 1632 8

178 1657 249 1696 fuit
276 1659 567 1699 damnationis..
638 1674 812 1712 namque
835 1660 1101 1700 Athenienses
1129 1668 1291 1712 propter
1319 1659 1510 1699 Pisistrati

178 1723 437 1772 tyrannidem,
460 1739 563 1776 quae
586 1725 722 1776 paucis
748 1725 862 1764 annis
887 1733 980 1764 ante
1000 1726 1135 1772 fuerat,
1164 1724 1344 1764 omniurn
1364 1724 1509 1764 civium

179 1802 339 1828 suorum
377 1790 597 1840 potentiam
631 1791 951 1830 extimescebam.
1012 1790 1226 1838 Miltiades,
1262 1791 1431 1829 multum
1469 1790 1510 1829 in
1532 1804 1546 1825 2

180 1852 351 1903 imperiis
397 1854 628 1906 magnisque
666 1862 852 1903 versatus,
892 1869 973 1894 non
1018 1854 1225 1894 videbatur
1266 1868 1383 1906 posse
1423 1868 1510 1894 esse

180 1918 362 1969 privatus,
394 1920 621 1971 praesertim
656 1934 747 1960 cum
777 1919 1066 1960 consuetudine
1094 1921 1146 1959 ad
1179 1919 1332 1972 imperii
1362 1919 1511 1971 cupidi-

181 1991 300 2024 tatem
339 1985 439 2024 trahi
467 1985 674 2026 videretur.
733 2000 825 2026 nam
855 1985 1095 2027 Chersonesi
1124 1999 1264 2025 omnes
1292 1985 1380 2024 illos
1409 1999 1509 2036 quos
1530 1995 1548 2028 3

225 2099 241 2128 7
267 2089 371 2128 regiis
395 2088 458 2120 Mu
633 2090 654 2120 8
686 2094 722 2122 ut
755 2090 844 2121 Parii
869 2090 974 2121 BMR
1153 2099 1191 2129 13
1218 2089 1319 2121 rebus
1349 2100 1368 2121 a
1396 2098 1510 2130 pugna

180 2132 273 2164 MR:
298 2143 323 2164 r.
341 2144 360 2165 a
383 2143 463 2173 rege
489 2133 561 2164 AB
585 2133 659 2175 <sed
681 2134 714 2164 in
742 2133 775 2164 B
799 2145 819 2165 a
847 2144 927 2174 rege
954 2133 1067 2165 eadem
1096 2144 1141 2165 m.
1171 2133 1327 2172 deletum)
1473 2141 1510 2172 15

179 2176 456 2218 quoniam].cum
483 2187 505 2208 u
712 2179 750 2208 16
774 2178 976 2218 Stesagoras
998 2175 1207 2218 Longolt'us:
1246 2176 1394 2216 Sagoras
1418 2176 1509 2207 Dan.

180 2220 334 2253 ABPR:
367 2221 518 2260 isagoras
543 2220 640 2253 deta:
667 2219 834 2261 Diagoras
859 2231 882 2251 u
1071 2221 1108 2251 18
1134 2221 1261 2252 classes
1285 2220 1376 2253 Dan.
1409 2218 1514 2251 ABP

181 2273 223 2303 24
246 2265 412 2306 omniurn]
431 2265 568 2296 nimiam
595 2265 712 2296 Gemss
726 2269 755 2296 et
771 2265 867 2296 Cobet
1012 2265 1055 2295 26
1078 2264 1396 2304 magistratibusque
1412 2262 1510 2294 MRu

180 2308 223 2338 28
245 2307 451 2340 Chersonesi
474 2308 546 2341 dett.
565 2319 571 2339 :
604 2309 828 2340 chersonesso
850 2308 1011 2340 ABPRu
1028 2320 1036 2340 ε
1058 2318 1136 2340 nam
1154 2307 1331 2349 (suprascr.
1350 2307 1400 2347 in)
1417 2306 1509 2338 cher-

181 2361 322 2383 sonesso
339 2351 420 2384 Can.
441 2363 449 2383 ε
472 2352 506 2383 ἰη
522 2352 740 2383 Chersoneso
762 2352 795 2383 F
793 2351 862 2383 leck.
879 2355 910 2383 et
922 2351 1021 2393 thp.
