1718 2746
119 125 150 163 1.
170 122 219 161 iii
579 121 835 163 CORNELI
864 121 1106 161 NEPOTIS

178 247 313 274 secum
333 248 381 274 ex
401 232 515 273 Ionia
533 240 573 273 et
595 232 763 272 Aeolide
776 233 961 280 duxerat,
983 231 1127 283 quibus
1153 231 1315 284 singulis
1337 231 1510 284 ipsarum

142 318 158 339 2
179 299 335 339 urbium
355 306 544 351 perpetua
563 299 727 338 dederat
745 297 918 348 imperia.
958 296 1015 336 sic
1030 297 1135 336 enim
1155 296 1339 336 facillime
1359 295 1510 348 putavit

178 377 220 403 se
249 366 401 404 Graeca
428 363 561 415 lingua
587 365 806 414 loquentes,
827 362 896 413 qui
923 362 1060 402 Asiam
1088 362 1315 410 incolerent,
1337 362 1410 401 sub
1439 360 1510 400 sua

178 437 418 468 retenturum
453 435 657 480 potestate,
691 427 724 467 si
755 427 892 467 amicis
925 428 1005 467 suis
1039 428 1186 479 oppida
1215 428 1363 468 tuenda
1395 426 1511 466 tradi-

178 494 310 542 disset,
331 494 476 545 quibus
505 507 547 533 se
576 506 765 545 oppresso
793 495 900 532 nulla
927 507 1016 544 spes
1047 493 1181 532 salutis
1213 493 1506 543 relinqueretur.
1527 505 1546 537 5

177 558 218 597 in
246 560 323 598 hoc
349 558 421 597 suit
449 565 534 597 tum
562 571 728 598 numero
758 558 960 597 Miltiades
989 557 1052 597 cui
1079 558 1145 597 illa
1169 557 1350 597 custodia
1378 558 1510 596 crede·

75 643 80 650 ,
140 639 158 671 3
176 632 290 662 retur.
349 622 413 662 hic
450 636 542 662 cum
575 622 701 662 crebri
733 624 915 662 afferrent
951 622 1079 661 nuntii
1117 624 1220 662 male
1257 635 1339 661 rem
1376 635 1509 673 gerere

179 688 343 728 Darium
376 688 581 739 premique
610 701 634 727 a
662 688 826 738 Scythis,
851 687 1051 727 Miltiades
1079 689 1256 727 hortatus
1285 695 1343 726 est
1375 686 1509 738 pontis

176 755 373 802 custodes,
395 768 445 793 ne
470 768 494 793 a
518 756 675 793 fortuna
700 755 833 793 datam
859 753 1110 793 occasionem
1138 753 1366 792 liberandae
1392 754 1510 792 Grae-

138 835 157 864 4
177 818 261 858 ciae
280 818 534 859 dimitterent.
592 833 685 858 nam
709 818 741 858 si
768 832 860 858 cum
886 818 932 858 iis
956 819 1095 870 copiis,
1113 832 1211 869 quas
1230 831 1366 857 secum
1388 826 1508 856 trans-
1527 831 1567 855 ιο

176 891 359 935 portarat,
380 883 575 923 interisset
597 883 750 931 Darius,
774 898 855 923 non
880 885 1008 923 solum
1036 885 1238 934 Europam
1264 884 1348 922 fore
1367 890 1505 931 tutam,

177 950 247 988 sed
267 948 385 988 etiam
411 962 492 996 eos,
515 948 583 999 qui
609 948 746 987 Asiam
775 948 992 987 incolerent
1019 947 1159 987 Graeci
1186 961 1339 999 genere,
1362 947 1507 986 liberos

175 1026 199 1052 a
237 1015 443 1052 Persarum
481 1015 632 1052 futuros
670 1012 943 1052 dominatione
980 1020 1019 1051 et
1063 1013 1264 1064 periculo:
1309 1020 1349 1052 et
1393 1012 1508 1051 facile

175 1078 277 1117 effici
305 1091 432 1129 posse.
485 1086 607 1129 ponte
635 1078 742 1117 enim
770 1077 934 1117 rescisso
963 1091 1094 1128 regem
1114 1078 1175 1117 vel
1203 1077 1377 1116 hostiurn
1406 1079 1508 1116 ferro

138 1155 155 1185 5
176 1143 237 1181 vel
275 1142 409 1193 inopia
445 1142 581 1193 paucis
619 1141 760 1181 diebus
790 1141 1048 1181 interiturum.
1105 1143 1158 1180 ad
1191 1143 1267 1181 hoc
1297 1141 1506 1181 consilium
1526 1159 1566 1191 15

175 1221 267 1246 cum
300 1207 477 1258 plerique
505 1208 754 1255 accederent,
781 1206 994 1246 Hestiaeus
1030 1207 1223 1256 Milesius,
1249 1221 1299 1246 ne
1327 1221 1388 1246 res
1416 1221 1509 1246 con-

175 1272 364 1320 ficeretur,
386 1271 548 1319 obstitit,
566 1271 702 1311 dicens
722 1285 804 1310 non
823 1271 928 1310 idem
948 1271 1053 1322 ipsis,
1075 1271 1142 1322 qui
1162 1285 1335 1311 summas
1355 1272 1508 1323 imperii

176 1344 365 1384 tenerent,
387 1336 571 1387 expedire
590 1343 629 1375 et
649 1336 902 1384 multitudini,
926 1337 1035 1387 quod
1057 1336 1165 1375 Darii
1191 1350 1311 1387 regno
1330 1336 1506 1387 ipsorum

175 1401 363 1441 niteretur
381 1401 602 1441 dominatio
621 1417 628 1440 :
659 1415 739 1452 quo
758 1401 951 1441 exstincto
978 1402 1083 1452 ipsos
1109 1409 1303 1452 potestate
1322 1404 1506 1453 expulsos

174 1467 326 1507 civibus
360 1467 440 1506 suis
470 1481 618 1518 poenas
652 1469 823 1506 daturos.
881 1467 1013 1517 itaque
1041 1469 1143 1506 adeo
1171 1481 1213 1506 se
1245 1467 1454 1506 abhorrere
1482 1482 1506 1507 a
1525 1481 1566 1504 20

114 1554 118 1557 ·
174 1540 395 1572 ceterorum
425 1532 601 1580 consilio,
633 1540 675 1571 ut
706 1532 803 1571 nihil
834 1540 945 1583 putet
975 1532 1068 1583 ipsis
1098 1532 1231 1571 utilius
1264 1546 1383 1583 quam
1414 1546 1507 1571 con-

135 1601 155 1634 6
175 1597 318 1637 firmari
347 1611 510 1648 regnum
540 1599 756 1640 Persarum.
815 1597 931 1636 huius
959 1611 1050 1637 curn
1080 1597 1314 1636 sententiam
1347 1597 1503 1648 plurimi

175 1670 306 1702 essent
339 1662 474 1710 secuti,
502 1663 703 1702 Miltiades
732 1676 813 1702 non
842 1662 1027 1702 dubitans
1056 1670 1137 1701 tam
1169 1662 1301 1701 multis
1334 1662 1504 1701 consciis

174 1729 225 1766 ad
246 1727 345 1778 regis
363 1741 475 1767 aures
495 1727 658 1767 consilia
678 1742 748 1767 sua
767 1736 1011 1779 perventura,
1033 1729 1327 1767 Chersonesum
1347 1727 1503 1778 reliquit

175 1806 220 1831 ac
246 1806 377 1832 rursus
396 1794 574 1832 Athenas
603 1792 843 1844 demigravit.
901 1792 1013 1831 cuius
1041 1792 1139 1831 ratio
1162 1792 1236 1831 etsi
1261 1806 1342 1831 non
1368 1792 1502 1839 valuit,
1520 1808 1560 1840 ²⁵

175 1866 308 1897 tamen
328 1871 565 1909 magnopere
584 1865 643 1897 est
661 1859 870 1905 laudanda,
892 1871 983 1896 cum
1010 1857 1172 1897 amicior
1194 1857 1373 1896 omnium
1392 1857 1505 1896 liber-

175 1923 245 1962 tati
265 1937 384 1973 quam
404 1936 498 1962 suae
516 1922 631 1962 fuerit
650 1922 922 1962 dominationi.

129 1996 156 2034 4
231 1987 373 2026 Darius
392 1996 535 2035 autem,
557 2001 649 2026 cum
669 2001 717 2027 ex
737 1989 897 2037 Europa
916 1987 957 2025 in
978 1987 1114 2026 Asiam
1144 1988 1320 2036 redisset,
1349 1989 1505 2027 hortan-

175 2052 280 2091 tibus
317 2052 465 2100 amicis,
497 2060 540 2091 ut
571 2051 777 2091 Graeciam
815 2052 1006 2103 redigeret
1039 2051 1078 2090 in
1111 2066 1222 2090 suam
1254 2060 1500 2102 potestatem,

175 2119 339 2156 classem
377 2117 678 2168 quingentarum
716 2116 875 2155 navium
919 2116 1158 2167 comparavit
1203 2117 1319 2167 eique
1367 2117 1501 2156 Datim
1521 2128 1564 2160 30

175 2182 361 2233 praefecit
388 2190 427 2222 et
446 2184 735 2233 Artaphernem
766 2181 905 2232 hisque
936 2182 1106 2220 ducenta
1139 2181 1328 2232 peditum,
1361 2183 1501 2220 decem

222 2296 236 2316 1
262 2286 411 2326 ipsorum
446 2286 591 2317 Lamb.:
632 2296 767 2317 suarum
800 2285 924 2326 Nippst
964 2285 1038 2325 ipse
1061 2296 1176 2315 carum
1212 2285 1381 2316 Giinther:
1425 2286 1499 2325 ipse

176 2329 295 2360 harum
307 2329 504 2369 Heerwagen
615 2331 635 2360 8
660 2329 829 2360 Miltfades
846 2330 1014 2369 hortatus]
1032 2339 1097 2358 om.
1114 2329 1196 2359 Milt.
1220 2327 1290 2359 Vnt.
1303 2338 1389 2367 3170
1407 2328 1502 2359 Cobet

179 2381 217 2411 13
241 2378 275 2403 et
292 2372 405 2413 facile]
424 2372 457 2403 id
475 2377 508 2403 et
530 2373 591 2404 sac.
609 2372 690 2403 Mu:
717 2373 750 2402 id
772 2372 830 2403 sae.
850 2371 958 2402 Halm
1115 2381 1153 2411 31
1185 2372 1337 2411 praeficit
1360 2371 1451 2403 Dan.
1468 2370 1503 2402 P

177 2415 327 2456 peditum
352 2416 443 2446 milia
459 2417 577 2447 decem
594 2415 744 2455 equitum
766 2414 884 2446 MRu:
909 2415 986 2455 ped.
1006 2415 1077 2446 dec.
1098 2424 1150 2455 eq.
1169 2414 1260 2445 milia
1286 2415 1396 2447 Halm
