1746 2740
154 116 314 156 XXIII.
335 116 351 154 i
640 118 892 158 CORNELI
923 119 1164 159 NEPOTIS

200 242 220 274 3
292 227 374 268 Hic
410 235 543 268 autem
578 230 683 269 velut
720 229 938 270 hereditate
970 230 1150 271 relictum
1183 231 1321 272 odium
1355 239 1564 284 paternum

236 306 327 344 erga
353 295 558 335 Romanos
589 295 645 335 sic
675 295 931 344 conservavit,
964 303 1008 336 ut
1035 296 1142 349 prius
1170 297 1344 337 animam
1372 310 1493 349 quam
1522 297 1564 338 id

235 359 472 409 deposuerit,
496 360 563 411 qui
592 360 767 411 quidem,
794 374 886 400 cum
915 361 1039 413 patria
1066 364 1203 414 pulsus
1231 370 1335 403 esset
1357 370 1397 403 et
1422 363 1565 404 aliena-

235 437 322 463 rum
343 438 464 476 opum
485 425 687 477 indigeret,
705 440 924 478 numquam
943 427 1134 468 destiterit
1152 428 1287 468 animo
1307 429 1452 469 bellare
1470 442 1563 469 cum

156 526 159 529 ,
193 496 218 524 2
238 490 440 530 Romanis.
512 505 604 530 nam
633 499 677 531 ut
699 491 880 531 omittam
909 492 1148 545 Philippum,
1178 506 1298 544 quem
1323 495 1467 534 absens
1495 495 1564 534 ho-
1581 511 1600 544 5

235 561 334 594 stem
350 555 522 596 reddidit
536 557 739 605 Romanis,
757 557 937 597 omnium
949 557 996 598 iis
1008 559 1252 609 temporibus
1264 558 1562 609 potentissimus

233 634 299 660 rex
313 621 536 661 Antiochus
556 621 639 661 fuit.
688 624 795 662 hunc
815 630 924 662 tanta
942 623 1158 675 cupiditate
1177 623 1354 663 incendit
1373 624 1559 672 bellandi,

197 702 212 724 2
233 692 276 724 ut
295 699 421 737 usque
445 700 469 726 a
496 687 614 727 rubro
634 687 730 726 mari
749 701 858 727 arma
883 696 1049 728 conatus
1070 687 1118 727 sit
1138 688 1279 728 inferre
1300 679 1448 728 Italiae.
1506 691 1558 729 ad

232 763 351 801 quem
375 764 467 791 cum
495 751 611 803 legati
637 752 836 792 venissent
862 753 1046 801 Romani,
1068 752 1136 804 qui
1164 754 1216 792 de
1244 752 1328 792 eius
1356 755 1559 794 voluntate

230 817 475 867 explorarent
495 818 712 868 darentque
732 831 894 869 operam
914 818 1088 858 consiliis
1108 818 1364 858 clandestinis
1383 826 1427 858 ut
1448 821 1558 858 Han·
1578 834 1620 859 ιο

230 880 402 922 nibalem
431 881 472 920 in
499 882 765 934 suspicionem
785 882 864 934 regi
891 884 1146 932 adducerent,
1169 890 1372 934 tamquam
1391 884 1444 923 ab
1463 883 1557 934 ipsis

229 953 455 997 corruptum
481 947 559 986 alia
582 955 702 999 atque
729 955 846 987 antea
868 947 1022 996 sentire,
1053 961 1183 999 neque
1212 947 1254 987 id
1281 949 1422 988 frustra
1448 948 1558 988 secis-

228 1018 315 1051 sent
335 1011 455 1062 idque
476 1012 680 1052 Hannibal
700 1012 956 1064 comperisset
975 1026 1097 1064 seque
1119 1013 1171 1052 ab
1196 1012 1446 1053 interioribus
1464 1027 1556 1053 con-

190 1090 208 1122 3
227 1076 321 1116 siliis
350 1077 540 1128 segregari
559 1077 732 1126 vidisset,
754 1085 932 1128 ternpore
952 1079 1047 1117 dato
1073 1077 1171 1117 adiit
1196 1079 1248 1117 ad
1275 1091 1417 1129 regem,
1439 1077 1556 1129 eique

226 1155 318 1181 cum
364 1143 489 1181 multa
525 1143 576 1182 de
613 1143 692 1182 fide
731 1156 802 1182 sua
839 1149 878 1182 et
917 1142 1011 1182 odio
1049 1142 1090 1181 in
1130 1144 1337 1182 Romanos
1383 1155 1554 1182 comme-
1574 1158 1611 1191 ¹⁵

226 1215 426 1255 morasset,
461 1209 539 1247 hoc
574 1208 779 1248 adiunxit:
820 1211 952 1259 ‘pater
986 1210 1119 1248 meus'
1157 1207 1286 1259 inquit
1326 1207 1554 1247 ‘Hamilcar

225 1274 389 1323 puerulo
410 1287 484 1321 me,
507 1281 645 1325 utpote
665 1287 747 1313 non
769 1273 939 1324 amplius
958 1285 1051 1313 vnn
1072 1286 1199 1312 annos
1225 1281 1330 1321 nato,
1347 1272 1388 1311 in
1410 1272 1553 1324 Hispa-

225 1338 331 1377 niam
351 1338 563 1389 imperator
577 1338 829 1389 proficiscens
851 1338 1094 1390 Karthagine
1112 1337 1198 1377 Iovi
1213 1337 1364 1389 optimo
1379 1337 1551 1378 maximo

185 1420 206 1449 4
225 1403 372 1443 hostias
410 1403 638 1443 immolavit.
709 1417 811 1455 quae
849 1403 983 1443 divina
1021 1416 1081 1443 res
1119 1404 1216 1442 dum
1254 1402 1546 1450 conficiebatur,

223 1468 414 1519 quaesivit
433 1482 457 1508 a
477 1482 539 1508 me
559 1470 753 1508 vellemne
773 1482 909 1508 secum
930 1468 970 1507 in
986 1475 1113 1508 castra
1131 1467 1336 1519 proficisci.
1395 1466 1436 1506 id
1455 1480 1547 1506 cum
1570 1485 1609 1508 20

221 1533 388 1573 libenter
406 1533 647 1584 accepissem
667 1541 786 1585 atque
809 1535 862 1573 ab
888 1547 937 1573 eo
963 1541 1096 1584 petere
1115 1532 1337 1584 coepissem,
1360 1545 1411 1571 ne
1436 1531 1548 1572 dubi-

221 1606 318 1638 taret
346 1600 502 1647 ducere,
524 1607 608 1639 tum
638 1599 713 1647 ille,
742 1599 895 1647 faciam,
924 1598 1062 1650 inquit,
1091 1597 1122 1637 si
1152 1597 1248 1636 mihi
1278 1598 1398 1637 fidem
1426 1610 1546 1648 quam

220 1666 377 1714 postulo
406 1663 572 1704 dederis.
632 1663 748 1704 simul
778 1678 842 1704 me
869 1665 921 1704 ad
949 1677 1056 1703 aram
1085 1662 1259 1709 adduxit,
1288 1663 1398 1713 apud
1426 1675 1546 1713 quam

219 1729 435 1768 sacrificare
482 1729 711 1778 instituerat,
752 1743 920 1780 eamque
962 1728 1100 1768 ceteris
1138 1727 1298 1768 remotis
1344 1735 1546 1767 tenentem

220 1793 343 1833 iurare
373 1794 483 1833 iussit
512 1808 729 1846 numquam
761 1809 824 1834 me
853 1794 893 1833 in
922 1793 1094 1833 amicitia
1119 1806 1211 1832 cum
1234 1792 1426 1832 Romanis
1449 1794 1541 1832 sore.
1566 1808 1605 1842 ²5

183 1876 200 1908 5
220 1859 260 1899 id
280 1873 352 1910 ego
373 1859 642 1900 iusiurandum
665 1860 763 1911 patri
783 1861 920 1900 datum
947 1872 1072 1910 usque
1100 1860 1152 1898 ad
1181 1859 1284 1897 hanc
1302 1865 1472 1897 aetatem
1492 1857 1546 1897 ita

219 1924 456 1972 conservavi,
490 1933 532 1964 ut
566 1925 715 1964 nemini
748 1924 915 1965 dubium
954 1937 1039 1963 esse
1077 1923 1231 1970 debeat,
1265 1922 1361 1973 quin
1394 1922 1544 1973 reliquo

116 2033 120 2036 ,
182 1999 202 2032 6
219 1997 395 2040 tempore
415 1991 553 2029 eadem
577 1998 709 2029 mente
729 1989 802 2028 sim
823 1991 984 2028 futurus.
1040 2002 1160 2039 quare
1180 1987 1212 2027 si
1232 1987 1329 2038 quid
1347 1987 1475 2027 amice
1493 1988 1545 2027 de

221 2054 412 2094 Romanis
443 2054 645 2106 cogitabiS,
669 2068 750 2094 non
780 2055 1050 2105 imprudenter
1073 2052 1222 2099 feceris,
1246 2052 1277 2091 si
1299 2066 1363 2092 me
1383 2052 1546 2100 celaris;

218 2133 309 2159 cum
339 2119 501 2170 quidem
533 2120 679 2159 bellum
710 2119 876 2170 parabis,
899 2127 937 2159 te
964 2119 1093 2170 ipsum
1123 2117 1378 2164 frustraberis,
1401 2117 1432 2156 si
1462 2130 1543 2156 non
1564 2133 1605 2165 30

220 2197 284 2222 me
305 2183 344 2222 in
364 2197 413 2223 eo
434 2184 650 2235 principem
672 2184 872 2235 posueris.'

179 2259 204 2296 3
278 2250 368 2287 Hac
397 2249 511 2300 igitur
534 2263 611 2299 qua
632 2249 800 2288 diximus
826 2256 954 2288 aetate
980 2261 1071 2288 cum
1100 2255 1210 2298 patre
1235 2246 1276 2285 in
1307 2246 1542 2296 Hispaniam

220 2315 418 2365 profectus
449 2321 518 2361 est,
554 2314 665 2353 cuius
698 2322 787 2365 post
820 2314 985 2361 obitum,
1023 2312 1276 2352 Hasdrubale
1309 2311 1543 2362 imperatore

733 2426 776 2455 32
800 2425 882 2455 ergo
898 2414 987 2446 Leid.
1006 2414 1040 2445 P
