1746 2740
698 122 1008 164 HAMILCAR
1392 123 1532 164 XXII.
1551 123 1599 162 iii

180 250 316 278 secum
354 236 465 277 duxit
502 236 627 276 filium
667 236 938 276 Hannibalem
973 250 1170 277 annorum
1208 249 1364 277 novem.
1432 244 1513 277 erat
1535 254 1550 276 2

180 310 380 354 praeterea
399 315 491 342 cum
517 316 566 342 eo
591 303 826 342 adulescens
846 301 1014 351 illustris,
1036 304 1245 351 formosus,
1269 303 1513 351 Hasdrubal,

180 382 300 420 quem
330 367 511 407 nonnulli
541 367 650 418 diligi
671 367 834 419 turpius,
855 381 976 419 quam
996 381 1067 420 par
1094 375 1187 416 erat,
1209 368 1260 407 ab
1282 368 1512 408 Hamilcare

180 435 445 486 loquebantur
461 448 468 472 :
495 446 578 472 non
598 433 704 472 enim
727 433 910 473 maledici
925 441 1036 473 tanto
1055 433 1139 473 viro
1158 435 1298 473 deesse
1317 440 1509 485 poterant.

141 513 159 545 5
179 512 261 550 quo
289 500 437 538 factum
464 506 523 538 est
553 506 596 537 ut
621 511 645 536 a
674 499 874 549 praefecto
903 512 1058 538 morum
1084 499 1314 538 Hasdrubal
1343 512 1435 538 cum
1464 512 1513 539 eo

179 572 374 604 vetaretur
388 578 486 604 esse.
544 563 636 603 huic
657 563 721 603 ille
742 564 859 604 filiam
878 577 988 603 suam
1010 563 1051 603 in
1072 563 1366 604 matrimonium
1387 564 1510 613 dedit,

180 631 289 680 quod
316 629 492 668 moribus
521 642 657 668 eorum
685 643 767 669 non
796 637 948 680 poterat
977 629 1159 669 interdici
1187 643 1325 670 socero
1352 643 1509 681 genero.

180 695 231 734 de
261 696 338 734 hoc
372 694 464 734 ideo
497 694 741 734 mentionem
771 694 948 743 fecimus,
980 696 1090 746 quod
1120 694 1349 735 Hamilcare
1378 694 1511 735 occiso
1535 709 1552 741 3

181 759 245 799 ille
264 759 450 799 exercitui
471 759 637 811 praefuit
656 773 797 811 resque
823 773 985 811 magnas
1004 759 1124 811 gessit
1143 767 1182 800 et
1201 760 1384 812 princeps
1403 760 1513 812 largi-

122 838 162 861 10
180 825 287 865 tione
303 833 477 865 vetustos
493 825 676 876 pervertit
696 839 825 865 mores
846 825 1235 877 Karthaginiensium
1252 826 1512 878 eiusdemque

179 898 269 942 post
290 898 456 930 mortem
479 890 683 930 Hannibal
703 891 755 930 ab
775 890 948 930 exercitu
967 891 1121 942 accepit
1141 891 1362 943 imperium.

231 958 285 996 At
307 955 522 1005 Hamilcar,
545 963 803 1008 posteaquam
825 970 931 996 mare
955 956 1106 996 transiit
1126 956 1166 995 in
1190 957 1509 1009 Hispaniamque
1528 968 1555 1007 4

176 1021 293 1069 venit,
316 1035 478 1073 magnas
498 1035 558 1060 res
578 1023 754 1061 secunda
777 1022 897 1072 gessit
923 1023 1104 1063 fortuna:
1132 1023 1323 1063 maximas
1350 1023 1509 1063 bellico-

177 1087 430 1138 sissimasque
476 1095 613 1138 gentes
657 1087 821 1138 subegit,
863 1087 986 1138 equis,
1026 1088 1156 1135 armis,
1197 1088 1301 1138 viris,
1339 1089 1510 1140 pecunia

123 1165 157 1197 ¹5
177 1159 300 1191 totam
332 1152 585 1203 locupletavit
615 1153 799 1191 Africam.
871 1152 936 1192 hic
968 1166 1060 1192 cum
1095 1152 1135 1192 in
1170 1153 1325 1193 Italiam
1359 1154 1507 1194 bellum
1533 1170 1548 1192 2

176 1217 316 1258 inferre
354 1217 617 1266 meditaretur,
653 1231 761 1257 nono
794 1231 901 1257 anno
938 1226 1150 1270 postquam
1188 1218 1229 1258 in
1269 1219 1507 1271 Hispaniam

175 1291 346 1331 venerat,
368 1283 407 1322 in
435 1282 585 1334 proelio
613 1297 794 1335 pugnans
822 1284 1009 1323 adversus
1029 1285 1222 1324 Vettones
1251 1284 1406 1324 occisus
1435 1293 1504 1325 est.

175 1348 291 1388 huius
320 1356 554 1400 perpetuum
575 1348 712 1389 odium
739 1362 830 1400 erga
859 1350 1066 1390 Romanos
1086 1350 1256 1390 maxime
1285 1350 1506 1392 concitasse
1528 1365 1546 1396 3

173 1413 328 1454 videtur
357 1415 577 1453 secundum
612 1413 760 1453 bellum
793 1413 1022 1454 Poenicum.
1081 1428 1254 1466 namque
1287 1415 1503 1464 Hannibal,

115 1495 156 1518 πο
174 1479 276 1519 filius
302 1479 397 1527 eius,
419 1479 587 1518 assiduis
611 1478 730 1530 patris
754 1479 1086 1520 obtestationibus
1116 1494 1165 1520 eo
1191 1488 1250 1521 est
1277 1482 1502 1533 perductus,

173 1553 216 1585 ut
236 1544 392 1584 interire
411 1558 531 1596 quam
554 1546 759 1584 Romanos
779 1558 861 1584 non
881 1544 1045 1597 experiri
1066 1547 1210 1586 mallet.

226 1678 467 1723 HANNJBAL,
491 1674 730 1715 Hamilcaris
759 1674 873 1723 filius,
903 1675 1254 1727 Karthaginiensis.
1313 1677 1345 1716 si
1365 1691 1500 1717 verum

170 1749 239 1790 est,
261 1742 371 1792 quod
391 1754 510 1780 nemo
530 1740 695 1788 dubitat,
719 1748 761 1779 ut
781 1742 951 1792 populus
980 1743 1186 1780 Romanus
1205 1755 1345 1782 omnes
1364 1750 1501 1794 gentes

169 1806 310 1845 virtute
347 1806 547 1857 superarit,
582 1819 663 1845 non
701 1813 760 1845 est
797 1805 1049 1846 infitiandum
1085 1807 1356 1847 Hannibalem
1390 1816 1503 1848 tanto

113 1884 150 1916 25
170 1871 407 1923 praestitisse
435 1879 587 1911 ceteros
616 1871 870 1922 imperatores
899 1871 1119 1922 prudentia,
1152 1880 1302 1923 quanto
1331 1875 1502 1925 populus

171 1938 389 1976 Romanus*
424 1937 634 1976 antecedat
671 1936 901 1976 fortitudine
938 1944 1102 1976 cunctas
1140 1936 1331 1977 nationes.
1409 1953 1500 1979 narn
1523 1957 1538 1978 κ

170 2002 527 2053 quotienscumque
558 2015 650 2040 cum
679 2015 729 2041 eo
759 2014 992 2052 congressus
1021 2009 1080 2041 est
1114 2003 1154 2040 in
1190 2002 1313 2050 Italia,
1347 2017 1503 2055 semper

169 2066 348 2106 discessit
377 2066 563 2117 superior.
622 2067 732 2117 quod
752 2066 826 2105 nisi
853 2067 963 2106 domi
989 2066 1134 2106 civium
1164 2081 1325 2107 suorum
1354 2068 1503 2109 invidia

169 2132 396 2172 debilitatus
422 2139 536 2179 esset,
560 2133 764 2170 Romanos
793 2131 947 2171 videtur
975 2145 1158 2184 superare
1187 2132 1372 2184 potuisse.
1431 2135 1501 2174 sed

111 2212 153 2243 30
171 2200 383 2238 multorum
403 2197 637 2237 obtrectatio
658 2197 802 2237 devicit
822 2197 938 2237 unius
957 2197 1152 2238 virtutem.

215 2313 232 2342 7
265 2313 364 2334 socer
393 2314 412 2335 a
443 2311 572 2342 genero
604 2301 658 2334 13:
696 2312 796 2334 socer
822 2311 952 2342 genero
980 2301 1097 2334 Len'd.:
1133 2312 1252 2335 socero
1290 2313 1398 2344 gener
1428 2302 1502 2335 MR

172 2355 200 2420 ιε
194 2356 210 2385 7
234 2345 400 2378 Vettones
418 2357 439 2377 u
455 2358 463 2378 :
486 2345 658 2378 Vectones
670 2345 761 2377 MP:
788 2346 962 2377 Veteones
974 2345 1078 2378 ABR
1210 2347 1254 2378 26
1275 2347 1501 2380 antecedebat

198 2399 252 2422 an.
275 2401 295 2420 u
