<?xml version="1.0" encoding="UTF-8"?>
<!DOCTYPE html PUBLIC "-//W3C//DTD XHTML 1.0 Transitional//EN"
    "http://www.w3.org/TR/xhtml1/DTD/xhtml1-transitional.dtd">
<html xmlns="http://www.w3.org/1999/xhtml" xml:lang="en" lang="en">
 <head>
  <title>
</title>
<meta http-equiv="Content-Type" content="text/html;charset=utf-8" />
  <meta name='ocr-system' content='tesseract 3.04.00' />
  <meta name='ocr-capabilities' content='ocr_page ocr_carea ocr_par ocr_line ocrx_word'/>
</head>
<body>
  <div class='ocr_page' id='page_1' title='image "./vitaerecognovitb00nepouoft_0115.png"; bbox 0 0 1746 2740; ppageno 0'>
   <div class='ocr_carea' id='block_1_1' title="bbox 698 133 1601 173">
    <p class='ocr_par' dir='ltr' id='par_1_1' title="bbox 698 133 1601 173">
     <span class='ocr_line' id='line_1_1' title="bbox 698 133 1601 173; baseline -0.001 0"><span class='ocrx_word' id='word_1_1' title='bbox 698 134 1004 173; x_wconf 87' lang='lat' dir='ltr'>HANNIBAL</span> <span class='ocrx_word' id='word_1_2' title='bbox 1356 134 1518 173; x_wconf 91' lang='lat' dir='ltr'>XXIII.</span> <span class='ocrx_word' id='word_1_3' title='bbox 1539 133 1601 172; x_wconf 84' lang='lat' dir='ltr'>xii</span> 
     </span>
    </p>
   </div>
   <div class='ocr_carea' id='block_1_2' title="bbox 126 243 1579 2251">
    <p class='ocr_par' dir='ltr' id='par_1_2' title="bbox 126 243 1556 1599">
     <span class='ocr_line' id='line_1_2' title="bbox 183 243 1517 297; baseline 0.001 -14"><span class='ocrx_word' id='word_1_4' title='bbox 183 243 301 283; x_wconf 90' lang='lat' dir='ltr'>ninus</span> <span class='ocrx_word' id='word_1_5' title='bbox 338 244 491 284; x_wconf 89' lang='lat' dir='ltr'>senatui</span> <span class='ocrx_word' id='word_1_6' title='bbox 528 244 680 285; x_wconf 90' lang='lat' dir='ltr'>detulit.</span> <span class='ocrx_word' id='word_1_7' title='bbox 749 253 880 297; x_wconf 89' lang='lat' dir='ltr'>patres</span> <span class='ocrx_word' id='word_1_8' title='bbox 917 245 1141 296; x_wconf 85' lang='lat' dir='ltr'><strong>conscripti,</strong></span> <span class='ocrx_word' id='word_1_9' title='bbox 1177 244 1246 296; x_wconf 91' lang='lat' dir='ltr'>qui</span> <span class='ocrx_word' id='word_1_10' title='bbox 1285 244 1517 285; x_wconf 84' lang='lat' dir='ltr'>Hannibale</span> 
     </span>
     <span class='ocr_line' id='line_1_3' title="bbox 182 308 1516 361; baseline 0.001 -14"><span class='ocrx_word' id='word_1_11' title='bbox 182 308 273 348; x_wconf 92' lang='lat' dir='ltr'>vivo</span> <span class='ocrx_word' id='word_1_12' title='bbox 291 323 510 361; x_wconf 88' lang='lat' dir='ltr'>numquam</span> <span class='ocrx_word' id='word_1_13' title='bbox 537 324 580 350; x_wconf 90' lang='lat' dir='ltr'>se</span> <span class='ocrx_word' id='word_1_14' title='bbox 605 309 691 350; x_wconf 90' lang='lat' dir='ltr'>sine</span> <span class='ocrx_word' id='word_1_15' title='bbox 716 309 869 350; x_wconf 88' lang='lat' dir='ltr'>insidiis</span> <span class='ocrx_word' id='word_1_16' title='bbox 888 311 1040 350; x_wconf 85' lang='lat' dir='ltr'>futuros</span> <span class='ocrx_word' id='word_1_17' title='bbox 1066 309 1516 361; x_wconf 55' lang='lat' dir='ltr'>existimarent,‘†egatos</span> 
     </span>
     <span class='ocr_line' id='line_1_4' title="bbox 182 373 1516 426; baseline 0.001 -13"><span class='ocrx_word' id='word_1_18' title='bbox 182 373 222 413; x_wconf 89' lang='lat' dir='ltr'>in</span> <span class='ocrx_word' id='word_1_19' title='bbox 262 374 488 426; x_wconf 86' lang='lat' dir='ltr'>Bithyniam</span> <span class='ocrx_word' id='word_1_20' title='bbox 528 375 728 424; x_wconf 88' lang='lat' dir='ltr'>miserunt,</span> <span class='ocrx_word' id='word_1_21' title='bbox 761 375 803 414; x_wconf 93' lang='lat' dir='ltr'>in</span> <span class='ocrx_word' id='word_1_22' title='bbox 836 375 897 415; x_wconf 91' lang='lat' dir='ltr'>his</span> <span class='ocrx_word' id='word_1_23' title='bbox 930 374 1208 423; x_wconf 87' lang='lat' dir='ltr'>Flamininum,</span> <span class='ocrx_word' id='word_1_24' title='bbox 1242 374 1311 426; x_wconf 92' lang='lat' dir='ltr'>qui</span> <span class='ocrx_word' id='word_1_25' title='bbox 1339 375 1393 414; x_wconf 87' lang='lat' dir='ltr'>ab</span> <span class='ocrx_word' id='word_1_26' title='bbox 1425 388 1516 425; x_wconf 90' lang='lat' dir='ltr'>rege</span> 
     </span>
     <span class='ocr_line' id='line_1_5' title="bbox 182 439 1516 491; baseline 0 -12"><span class='ocrx_word' id='word_1_27' title='bbox 182 446 372 491; x_wconf 91' lang='lat' dir='ltr'>peterent,</span> <span class='ocrx_word' id='word_1_28' title='bbox 405 454 456 480; x_wconf 92' lang='lat' dir='ltr'>ne</span> <span class='ocrx_word' id='word_1_29' title='bbox 489 440 806 480; x_wconf 90' lang='lat' dir='ltr'>inimicissimum</span> <span class='ocrx_word' id='word_1_30' title='bbox 839 454 956 480; x_wconf 89' lang='lat' dir='ltr'>suum</span> <span class='ocrx_word' id='word_1_31' title='bbox 989 454 1125 480; x_wconf 91' lang='lat' dir='ltr'>secum</span> <span class='ocrx_word' id='word_1_32' title='bbox 1159 440 1324 480; x_wconf 89' lang='lat' dir='ltr'>haberet</span> <span class='ocrx_word' id='word_1_33' title='bbox 1360 439 1516 491; x_wconf 90' lang='lat' dir='ltr'>sibique</span> 
     </span>
     <span class='ocr_line' id='line_1_6' title="bbox 144 505 1556 558; baseline 0.001 -14"><span class='ocrx_word' id='word_1_34' title='bbox 144 519 163 551; x_wconf 86' lang='lat'><strong>5</strong></span> <span class='ocrx_word' id='word_1_35' title='bbox 181 506 354 545; x_wconf 86' lang='lat' dir='ltr'><strong>dederet.</strong></span> <span class='ocrx_word' id='word_1_36' title='bbox 413 506 474 545; x_wconf 90' lang='lat' dir='ltr'>his</span> <span class='ocrx_word' id='word_1_37' title='bbox 505 506 642 546; x_wconf 88' lang='lat' dir='ltr'>Prusia</span> <span class='ocrx_word' id='word_1_38' title='bbox 662 520 804 558; x_wconf 89' lang='lat' dir='ltr'>negare</span> <span class='ocrx_word' id='word_1_39' title='bbox 823 520 943 547; x_wconf 88' lang='lat' dir='ltr'>ausus</span> <span class='ocrx_word' id='word_1_40' title='bbox 969 520 1051 547; x_wconf 92' lang='lat' dir='ltr'>non</span> <span class='ocrx_word' id='word_1_41' title='bbox 1078 513 1163 555; x_wconf 82' lang='lat' dir='ltr'>est3</span> <span class='ocrx_word' id='word_1_42' title='bbox 1190 505 1289 546; x_wconf 91' lang='lat' dir='ltr'>illud</span> <span class='ocrx_word' id='word_1_43' title='bbox 1310 505 1514 554; x_wconf 89' lang='lat' dir='ltr'>recusavit,</span> <span class='ocrx_word' id='word_1_44' title='bbox 1537 519 1556 551; x_wconf 79' lang='lat'><strong>3</strong></span> 
     </span>
     <span class='ocr_line' id='line_1_7' title="bbox 182 570 1516 623; baseline 0.001 -14"><span class='ocrx_word' id='word_1_45' title='bbox 182 584 232 610; x_wconf 90' lang='lat' dir='ltr'>ne</span> <span class='ocrx_word' id='word_1_46' title='bbox 252 570 293 610; x_wconf 92' lang='lat' dir='ltr'>id</span> <span class='ocrx_word' id='word_1_47' title='bbox 312 585 336 610; x_wconf 90' lang='lat' dir='ltr'>a</span> <span class='ocrx_word' id='word_1_48' title='bbox 355 585 397 611; x_wconf 92' lang='lat' dir='ltr'>se</span> <span class='ocrx_word' id='word_1_49' title='bbox 417 571 499 611; x_wconf 88' lang='lat' dir='ltr'>fieri</span> <span class='ocrx_word' id='word_1_50' title='bbox 520 573 775 623; x_wconf 87' lang='lat' dir='ltr'>postularent,</span> <span class='ocrx_word' id='word_1_51' title='bbox 793 573 904 623; x_wconf 92' lang='lat' dir='ltr'>quod</span> <span class='ocrx_word' id='word_1_52' title='bbox 918 573 1107 612; x_wconf 89' lang='lat' dir='ltr'>adversus</span> <span class='ocrx_word' id='word_1_53' title='bbox 1126 571 1187 611; x_wconf 91' lang='lat' dir='ltr'>ius</span> <span class='ocrx_word' id='word_1_54' title='bbox 1207 570 1369 622; x_wconf 91' lang='lat' dir='ltr'>hospitii</span> <span class='ocrx_word' id='word_1_55' title='bbox 1389 578 1516 611; x_wconf 91' lang='lat' dir='ltr'>esset:</span> 
     </span>
     <span class='ocr_line' id='line_1_8' title="bbox 181 635 1517 688; baseline 0 -14"><span class='ocrx_word' id='word_1_56' title='bbox 181 635 267 686; x_wconf 89' lang='lat' dir='ltr'>ipsi,</span> <span class='ocrx_word' id='word_1_57' title='bbox 295 635 327 675; x_wconf 91' lang='lat' dir='ltr'>si</span> <span class='ocrx_word' id='word_1_58' title='bbox 356 644 529 687; x_wconf 88' lang='lat' dir='ltr'><strong>possent,</strong></span> <span class='ocrx_word' id='word_1_59' title='bbox 551 638 961 688; x_wconf 86' lang='lat' dir='ltr'>comprehenderent:</span> <span class='ocrx_word' id='word_1_60' title='bbox 989 638 1134 684; x_wconf 92' lang='lat' dir='ltr'>locum,</span> <span class='ocrx_word' id='word_1_61' title='bbox 1160 635 1230 675; x_wconf 92' lang='lat' dir='ltr'>ubi</span> <span class='ocrx_word' id='word_1_62' title='bbox 1258 643 1371 684; x_wconf 89' lang='lat' dir='ltr'>esset,</span> <span class='ocrx_word' id='word_1_63' title='bbox 1403 635 1517 675; x_wconf 88' lang='lat' dir='ltr'>facile</span> 
     </span>
     <span class='ocr_line' id='line_1_9' title="bbox 182 700 1517 749; baseline 0.001 -10"><span class='ocrx_word' id='word_1_64' title='bbox 182 700 422 741; x_wconf 84' lang='lat' dir='ltr'>inventuros.</span> <span class='ocrx_word' id='word_1_65' title='bbox 474 702 680 742; x_wconf 90' lang='lat' dir='ltr'>Hannibal</span> <span class='ocrx_word' id='word_1_66' title='bbox 700 702 807 742; x_wconf 90' lang='lat' dir='ltr'>enim</span> <span class='ocrx_word' id='word_1_67' title='bbox 827 716 910 742; x_wconf 91' lang='lat' dir='ltr'>uno</span> <span class='ocrx_word' id='word_1_68' title='bbox 929 703 1020 742; x_wconf 91' lang='lat' dir='ltr'>loco</span> <span class='ocrx_word' id='word_1_69' title='bbox 1037 715 1079 741; x_wconf 90' lang='lat' dir='ltr'>se</span> <span class='ocrx_word' id='word_1_70' title='bbox 1099 701 1271 749; x_wconf 89' lang='lat' dir='ltr'>tenebat,</span> <span class='ocrx_word' id='word_1_71' title='bbox 1293 700 1334 740; x_wconf 93' lang='lat' dir='ltr'>in</span> <span class='ocrx_word' id='word_1_72' title='bbox 1354 701 1517 740; x_wconf 87' lang='lat' dir='ltr'>castello</span> 
     </span>
     <span class='ocr_line' id='line_1_10' title="bbox 183 765 1518 818; baseline -0.001 -13"><span class='ocrx_word' id='word_1_73' title='bbox 183 767 292 817; x_wconf 92' lang='lat' dir='ltr'>quod</span> <span class='ocrx_word' id='word_1_74' title='bbox 313 766 348 806; x_wconf 88' lang='lat' dir='ltr'>ei</span> <span class='ocrx_word' id='word_1_75' title='bbox 367 781 391 806; x_wconf 91' lang='lat' dir='ltr'>a</span> <span class='ocrx_word' id='word_1_76' title='bbox 410 781 499 818; x_wconf 87' lang='lat' dir='ltr'>rege</span> <span class='ocrx_word' id='word_1_77' title='bbox 519 768 657 807; x_wconf 90' lang='lat' dir='ltr'>datum</span> <span class='ocrx_word' id='word_1_78' title='bbox 686 775 769 807; x_wconf 91' lang='lat' dir='ltr'>erat</span> <span class='ocrx_word' id='word_1_79' title='bbox 793 767 959 816; x_wconf 91' lang='lat' dir='ltr'>muneri,</span> <span class='ocrx_word' id='word_1_80' title='bbox 980 766 1102 818; x_wconf 91' lang='lat' dir='ltr'>idque</span> <span class='ocrx_word' id='word_1_81' title='bbox 1130 766 1187 806; x_wconf 91' lang='lat' dir='ltr'>sic</span> <span class='ocrx_word' id='word_1_82' title='bbox 1214 765 1452 814; x_wconf 89' lang='lat' dir='ltr'>aedificarat,</span> <span class='ocrx_word' id='word_1_83' title='bbox 1473 772 1518 805; x_wconf 91' lang='lat' dir='ltr'>ut</span> 
     </span>
     <span class='ocr_line' id='line_1_11' title="bbox 130 830 1516 884; baseline 0.001 -15"><span class='ocrx_word' id='word_1_84' title='bbox 130 847 166 869; x_wconf 87' lang='grc' dir='ltr'>ιο</span> <span class='ocrx_word' id='word_1_85' title='bbox 183 831 223 870; x_wconf 94' lang='lat' dir='ltr'>in</span> <span class='ocrx_word' id='word_1_86' title='bbox 243 832 430 872; x_wconf 91' lang='lat' dir='ltr'>omnibus</span> <span class='ocrx_word' id='word_1_87' title='bbox 456 832 632 884; x_wconf 89' lang='lat' dir='ltr'>partibus</span> <span class='ocrx_word' id='word_1_88' title='bbox 660 832 831 872; x_wconf 89' lang='lat' dir='ltr'>aedificii</span> <span class='ocrx_word' id='word_1_89' title='bbox 857 832 983 872; x_wconf 89' lang='lat' dir='ltr'>exitus</span> <span class='ocrx_word' id='word_1_90' title='bbox 1012 833 1187 879; x_wconf 85' lang='lat' dir='ltr'>haberet,</span> <span class='ocrx_word' id='word_1_91' title='bbox 1209 830 1359 871; x_wconf 91' lang='lat' dir='ltr'>scilicet</span> <span class='ocrx_word' id='word_1_92' title='bbox 1378 845 1516 871; x_wconf 91' lang='lat' dir='ltr'>verens</span> 
     </span>
     <span class='ocr_line' id='line_1_12' title="bbox 182 896 1555 948; baseline -0.001 -12"><span class='ocrx_word' id='word_1_93' title='bbox 182 910 232 936; x_wconf 91' lang='lat' dir='ltr'>ne</span> <span class='ocrx_word' id='word_1_94' title='bbox 252 910 325 936; x_wconf 91' lang='lat' dir='ltr'>usu</span> <span class='ocrx_word' id='word_1_95' title='bbox 346 897 506 946; x_wconf 86' lang='lat' dir='ltr'>veniret,</span> <span class='ocrx_word' id='word_1_96' title='bbox 528 899 638 948; x_wconf 93' lang='lat' dir='ltr'>quod</span> <span class='ocrx_word' id='word_1_97' title='bbox 666 897 822 938; x_wconf 91' lang='lat' dir='ltr'>accidit.</span> <span class='ocrx_word' id='word_1_98' title='bbox 880 899 960 937; x_wconf 90' lang='lat' dir='ltr'>huc</span> <span class='ocrx_word' id='word_1_99' title='bbox 983 911 1076 937; x_wconf 92' lang='lat' dir='ltr'>cum</span> <span class='ocrx_word' id='word_1_100' title='bbox 1102 896 1219 948; x_wconf 90' lang='lat' dir='ltr'>legati</span> <span class='ocrx_word' id='word_1_101' title='bbox 1241 898 1516 936; x_wconf 84' lang='lat' dir='ltr'>Romanorum</span> <span class='ocrx_word' id='word_1_102' title='bbox 1536 913 1555 943; x_wconf 80' lang='lat'>4</span> 
     </span>
     <span class='ocr_line' id='line_1_13' title="bbox 181 960 1518 1011; baseline -0.001 -11"><span class='ocrx_word' id='word_1_103' title='bbox 181 961 380 1001; x_wconf 90' lang='lat' dir='ltr'>venissent</span> <span class='ocrx_word' id='word_1_104' title='bbox 398 976 444 1002; x_wconf 93' lang='lat' dir='ltr'>ac</span> <span class='ocrx_word' id='word_1_105' title='bbox 466 962 719 1002; x_wconf 91' lang='lat' dir='ltr'>multitudine</span> <span class='ocrx_word' id='word_1_106' title='bbox 738 964 905 1002; x_wconf 92' lang='lat' dir='ltr'>domum</span> <span class='ocrx_word' id='word_1_107' title='bbox 926 962 1011 1002; x_wconf 90' lang='lat' dir='ltr'>eius</span> <span class='ocrx_word' id='word_1_108' title='bbox 1031 960 1398 1008; x_wconf 87' lang='lat' dir='ltr'>circumdedissent,</span> <span class='ocrx_word' id='word_1_109' title='bbox 1419 968 1518 1011; x_wconf 82' lang='lat' dir='ltr'>pue&#39;r</span> 
     </span>
     <span class='ocr_line' id='line_1_14' title="bbox 180 1026 1518 1078; baseline -0.001 -13"><span class='ocrx_word' id='word_1_110' title='bbox 180 1027 232 1066; x_wconf 89' lang='lat' dir='ltr'>ab</span> <span class='ocrx_word' id='word_1_111' title='bbox 252 1026 369 1066; x_wconf 86' lang='lat' dir='ltr'>ianua</span> <span class='ocrx_word' id='word_1_112' title='bbox 394 1027 638 1078; x_wconf 89' lang='lat' dir='ltr'>prospiciens</span> <span class='ocrx_word' id='word_1_113' title='bbox 659 1027 880 1067; x_wconf 85' lang='lat' dir='ltr'>Hannibali</span> <span class='ocrx_word' id='word_1_114' title='bbox 900 1026 997 1067; x_wconf 88' lang='lat' dir='ltr'>dixit</span> <span class='ocrx_word' id='word_1_115' title='bbox 1018 1028 1148 1077; x_wconf 88' lang='lat' dir='ltr'>plures</span> <span class='ocrx_word' id='word_1_116' title='bbox 1175 1033 1328 1077; x_wconf 91' lang='lat' dir='ltr'>praeter</span> <span class='ocrx_word' id='word_1_117' title='bbox 1354 1039 1518 1065; x_wconf 88' lang='lat' dir='ltr'>consue-</span> 
     </span>
     <span class='ocr_line' id='line_1_15' title="bbox 183 1089 1516 1143; baseline -0.001 -14"><span class='ocrx_word' id='word_1_118' title='bbox 183 1090 361 1130; x_wconf 89' lang='lat' dir='ltr'>tudinem</span> <span class='ocrx_word' id='word_1_119' title='bbox 399 1099 571 1131; x_wconf 90' lang='lat' dir='ltr'>armatos</span> <span class='ocrx_word' id='word_1_120' title='bbox 607 1105 805 1143; x_wconf 87' lang='lat' dir='ltr'>apparere.</span> <span class='ocrx_word' id='word_1_121' title='bbox 865 1091 933 1143; x_wconf 90' lang='lat' dir='ltr'>qui</span> <span class='ocrx_word' id='word_1_122' title='bbox 971 1090 1178 1142; x_wconf 88' lang='lat' dir='ltr'>imperavit</span> <span class='ocrx_word' id='word_1_123' title='bbox 1214 1089 1261 1138; x_wconf 90' lang='lat' dir='ltr'>ei,</span> <span class='ocrx_word' id='word_1_124' title='bbox 1295 1097 1338 1128; x_wconf 90' lang='lat' dir='ltr'>ut</span> <span class='ocrx_word' id='word_1_125' title='bbox 1376 1103 1516 1128; x_wconf 92' lang='lat' dir='ltr'>omnes</span> 
     </span>
     <span class='ocr_line' id='line_1_16' title="bbox 128 1154 1514 1207; baseline 0.001 -14"><span class='ocrx_word' id='word_1_126' title='bbox 128 1170 165 1203; x_wconf 88' lang='lat'>¹5</span> <span class='ocrx_word' id='word_1_127' title='bbox 184 1156 286 1194; x_wconf 88' lang='lat' dir='ltr'>sores</span> <span class='ocrx_word' id='word_1_128' title='bbox 323 1155 492 1195; x_wconf 89' lang='lat' dir='ltr'>aedificii</span> <span class='ocrx_word' id='word_1_129' title='bbox 530 1156 753 1195; x_wconf 88' lang='lat' dir='ltr'>circumiret</span> <span class='ocrx_word' id='word_1_130' title='bbox 782 1170 829 1195; x_wconf 91' lang='lat' dir='ltr'>ac</span> <span class='ocrx_word' id='word_1_131' title='bbox 862 1169 1029 1207; x_wconf 90' lang='lat' dir='ltr'><strong>propere</strong></span> <span class='ocrx_word' id='word_1_132' title='bbox 1067 1155 1143 1194; x_wconf 91' lang='lat' dir='ltr'>sibi</span> <span class='ocrx_word' id='word_1_133' title='bbox 1177 1154 1386 1203; x_wconf 82' lang='lat' dir='ltr'>nuntiaret,</span> <span class='ocrx_word' id='word_1_134' title='bbox 1417 1168 1514 1194; x_wconf 89' lang='lat' dir='ltr'>num</span> 
     </span>
     <span class='ocr_line' id='line_1_17' title="bbox 183 1219 1555 1273; baseline 0 -14"><span class='ocrx_word' id='word_1_135' title='bbox 183 1221 326 1260; x_wconf 91' lang='lat' dir='ltr'>eodem</span> <span class='ocrx_word' id='word_1_136' title='bbox 365 1222 487 1261; x_wconf 91' lang='lat' dir='ltr'>modo</span> <span class='ocrx_word' id='word_1_137' title='bbox 524 1221 702 1273; x_wconf 90' lang='lat' dir='ltr'>undique</span> <span class='ocrx_word' id='word_1_138' title='bbox 739 1221 997 1261; x_wconf 86' lang='lat' dir='ltr'>obsideretur.</span> <span class='ocrx_word' id='word_1_139' title='bbox 1067 1234 1164 1272; x_wconf 88' lang='lat' dir='ltr'>puer</span> <span class='ocrx_word' id='word_1_140' title='bbox 1197 1233 1289 1259; x_wconf 90' lang='lat' dir='ltr'>cum</span> <span class='ocrx_word' id='word_1_141' title='bbox 1327 1219 1514 1268; x_wconf 87' lang='lat' dir='ltr'>celeriter,</span> <span class='ocrx_word' id='word_1_142' title='bbox 1537 1237 1555 1269; x_wconf 92' lang='lat'><strong>5</strong></span> 
     </span>
     <span class='ocr_line' id='line_1_18' title="bbox 182 1286 1517 1338; baseline -0.001 -13"><span class='ocrx_word' id='word_1_143' title='bbox 182 1286 279 1337; x_wconf 89' lang='lat' dir='ltr'>quid</span> <span class='ocrx_word' id='word_1_144' title='bbox 308 1294 421 1334; x_wconf 88' lang='lat' dir='ltr'>esset,</span> <span class='ocrx_word' id='word_1_145' title='bbox 455 1286 716 1327; x_wconf 85' lang='lat' dir='ltr'>renuntiasset</span> <span class='ocrx_word' id='word_1_146' title='bbox 745 1286 958 1338; x_wconf 88' lang='lat' dir='ltr'>omnisque</span> <span class='ocrx_word' id='word_1_147' title='bbox 987 1286 1113 1326; x_wconf 86' lang='lat' dir='ltr'>exitus</span> <span class='ocrx_word' id='word_1_148' title='bbox 1142 1292 1359 1337; x_wconf 85' lang='lat' dir='ltr'>occupatos</span> <span class='ocrx_word' id='word_1_149' title='bbox 1388 1292 1517 1325; x_wconf 88' lang='lat' dir='ltr'>osten·</span> 
     </span>
     <span class='ocr_line' id='line_1_19' title="bbox 182 1349 1516 1401; baseline -0.001 -12"><span class='ocrx_word' id='word_1_150' title='bbox 182 1351 315 1398; x_wconf 85' lang='lat' dir='ltr'>disset,</span> <span class='ocrx_word' id='word_1_151' title='bbox 337 1351 458 1391; x_wconf 88' lang='lat' dir='ltr'>sensit</span> <span class='ocrx_word' id='word_1_152' title='bbox 484 1351 525 1391; x_wconf 89' lang='lat' dir='ltr'>id</span> <span class='ocrx_word' id='word_1_153' title='bbox 554 1365 635 1391; x_wconf 93' lang='lat' dir='ltr'>non</span> <span class='ocrx_word' id='word_1_154' title='bbox 655 1351 817 1391; x_wconf 90' lang='lat' dir='ltr'>fortuito</span> <span class='ocrx_word' id='word_1_155' title='bbox 837 1353 996 1399; x_wconf 89' lang='lat' dir='ltr'>factum,</span> <span class='ocrx_word' id='word_1_156' title='bbox 1019 1352 1090 1390; x_wconf 91' lang='lat' dir='ltr'>sed</span> <span class='ocrx_word' id='word_1_157' title='bbox 1116 1364 1158 1390; x_wconf 88' lang='lat' dir='ltr'>se</span> <span class='ocrx_word' id='word_1_158' title='bbox 1185 1350 1264 1401; x_wconf 90' lang='lat' dir='ltr'>peti</span> <span class='ocrx_word' id='word_1_159' title='bbox 1290 1363 1420 1401; x_wconf 91' lang='lat' dir='ltr'>neque</span> <span class='ocrx_word' id='word_1_160' title='bbox 1440 1349 1516 1389; x_wconf 92' lang='lat' dir='ltr'>sibi</span> 
     </span>
     <span class='ocr_line' id='line_1_20' title="bbox 181 1414 1516 1468; baseline -0.001 -13"><span class='ocrx_word' id='word_1_161' title='bbox 181 1416 329 1456; x_wconf 88' lang='lat' dir='ltr'>diutius</span> <span class='ocrx_word' id='word_1_162' title='bbox 361 1417 479 1456; x_wconf 88' lang='lat' dir='ltr'>vitam</span> <span class='ocrx_word' id='word_1_163' title='bbox 514 1431 600 1456; x_wconf 89' lang='lat' dir='ltr'>esse</span> <span class='ocrx_word' id='word_1_164' title='bbox 634 1417 893 1457; x_wconf 87' lang='lat' dir='ltr'>retinendam.</span> <span class='ocrx_word' id='word_1_165' title='bbox 953 1430 1073 1468; x_wconf 89' lang='lat' dir='ltr'>quam</span> <span class='ocrx_word' id='word_1_166' title='bbox 1105 1430 1155 1455; x_wconf 91' lang='lat' dir='ltr'>ne</span> <span class='ocrx_word' id='word_1_167' title='bbox 1189 1415 1321 1455; x_wconf 85' lang='lat' dir='ltr'>alieno</span> <span class='ocrx_word' id='word_1_168' title='bbox 1353 1414 1516 1455; x_wconf 90' lang='lat' dir='ltr'>arbitrio</span> 
     </span>
     <span class='ocr_line' id='line_1_21' title="bbox 126 1482 1515 1534; baseline 0 -14"><span class='ocrx_word' id='word_1_169' title='bbox 126 1498 164 1520; x_wconf 88' lang='lat'>20</span> <span class='ocrx_word' id='word_1_170' title='bbox 182 1482 407 1530; x_wconf 90' lang='lat' dir='ltr'>dimitteret,</span> <span class='ocrx_word' id='word_1_171' title='bbox 448 1496 600 1522; x_wconf 88' lang='lat' dir='ltr'>mernor</span> <span class='ocrx_word' id='word_1_172' title='bbox 637 1482 888 1534; x_wconf 88' lang='lat' dir='ltr'>pristinarum</span> <span class='ocrx_word' id='word_1_173' title='bbox 927 1482 1115 1521; x_wconf 82' lang='lat' dir='ltr'>virtutum</span> <span class='ocrx_word' id='word_1_174' title='bbox 1155 1495 1365 1529; x_wconf 89' lang='lat' dir='ltr'>venenum,</span> <span class='ocrx_word' id='word_1_175' title='bbox 1405 1482 1515 1532; x_wconf 91' lang='lat' dir='ltr'>quod</span> 
     </span>
     <span class='ocr_line' id='line_1_22' title="bbox 182 1547 1134 1599; baseline 0.001 -13"><span class='ocrx_word' id='word_1_176' title='bbox 182 1561 337 1599; x_wconf 88' lang='lat' dir='ltr'>semper</span> <span class='ocrx_word' id='word_1_177' title='bbox 365 1561 499 1588; x_wconf 91' lang='lat' dir='ltr'>secum</span> <span class='ocrx_word' id='word_1_178' title='bbox 529 1548 675 1588; x_wconf 92' lang='lat' dir='ltr'>habere</span> <span class='ocrx_word' id='word_1_179' title='bbox 703 1556 924 1595; x_wconf 88' lang='lat' dir='ltr'>consuerat,</span> <span class='ocrx_word' id='word_1_180' title='bbox 955 1547 1134 1599; x_wconf 87' lang='lat' dir='ltr'>sumpsit.</span> 
     </span>
    </p>

    <p class='ocr_par' dir='ltr' id='par_1_3' title="bbox 181 1612 1579 1795">
     <span class='ocr_line' id='line_1_23' title="bbox 236 1612 1579 1665; baseline 0 -13"><span class='ocrx_word' id='word_1_181' title='bbox 236 1613 301 1652; x_wconf 87' lang='lat' dir='ltr'>Sic</span> <span class='ocrx_word' id='word_1_182' title='bbox 320 1613 377 1652; x_wconf 82' lang='lat' dir='ltr'>vir</span> <span class='ocrx_word' id='word_1_183' title='bbox 401 1613 644 1661; x_wconf 86' lang='lat' dir='ltr'>fortissimus,</span> <span class='ocrx_word' id='word_1_184' title='bbox 669 1613 801 1652; x_wconf 89' lang='lat' dir='ltr'>multis</span> <span class='ocrx_word' id='word_1_185' title='bbox 822 1613 1017 1665; x_wconf 89' lang='lat' dir='ltr'>variisque</span> <span class='ocrx_word' id='word_1_186' title='bbox 1044 1615 1273 1664; x_wconf 86' lang='lat' dir='ltr'>perfunctus</span> <span class='ocrx_word' id='word_1_187' title='bbox 1301 1612 1514 1660; x_wconf 89' lang='lat' dir='ltr'>laboribus,</span> <span class='ocrx_word' id='word_1_188' title='bbox 1535 1622 1579 1661; x_wconf 87' lang='lat'>13</span> 
     </span>
     <span class='ocr_line' id='line_1_24' title="bbox 181 1674 1514 1730; baseline 0.001 -14"><span class='ocrx_word' id='word_1_189' title='bbox 181 1691 289 1717; x_wconf 87' lang='lat' dir='ltr'>anno</span> <span class='ocrx_word' id='word_1_190' title='bbox 316 1678 513 1729; x_wconf 89' lang='lat' dir='ltr'>acquievit</span> <span class='ocrx_word' id='word_1_191' title='bbox 539 1679 840 1730; x_wconf 89' lang='lat' dir='ltr'>septuagesimo.</span> <span class='ocrx_word' id='word_1_192' title='bbox 899 1678 1045 1730; x_wconf 88' lang='lat' dir='ltr'>quibus</span> <span class='ocrx_word' id='word_1_193' title='bbox 1065 1678 1295 1718; x_wconf 88' lang='lat' dir='ltr'>consulibus</span> <span class='ocrx_word' id='word_1_194' title='bbox 1316 1674 1514 1726; x_wconf 84' lang='lat' dir='ltr'>interierit,</span> 
     </span>
     <span class='ocr_line' id='line_1_25' title="bbox 184 1742 1516 1795; baseline 0.002 -15"><span class='ocrx_word' id='word_1_195' title='bbox 184 1756 263 1781; x_wconf 91' lang='lat' dir='ltr'>non</span> <span class='ocrx_word' id='word_1_196' title='bbox 312 1743 507 1783; x_wconf 90' lang='lat' dir='ltr'>convenit.</span> <span class='ocrx_word' id='word_1_197' title='bbox 584 1757 756 1795; x_wconf 89' lang='lat' dir='ltr'>namque</span> <span class='ocrx_word' id='word_1_198' title='bbox 804 1744 960 1784; x_wconf 90' lang='lat' dir='ltr'>Atticus</span> <span class='ocrx_word' id='word_1_199' title='bbox 1006 1746 1062 1783; x_wconf 91' lang='lat' dir='ltr'>M.</span> <span class='ocrx_word' id='word_1_200' title='bbox 1104 1742 1276 1784; x_wconf 90' lang='lat' dir='ltr'>Claudio</span> <span class='ocrx_word' id='word_1_201' title='bbox 1324 1744 1516 1782; x_wconf 89' lang='lat' dir='ltr'>Marcello</span> 
     </span>
    </p>

    <p class='ocr_par' dir='ltr' id='par_1_4' title="bbox 129 1807 1553 2124">
     <span class='ocr_line' id='line_1_26' title="bbox 129 1807 1518 1857; baseline 0.001 -11"><span class='ocrx_word' id='word_1_202' title='bbox 129 1826 141 1846; x_wconf 77' lang='grc' dir='ltr'><strong><em>ι</em></strong></span> <span class='ocrx_word' id='word_1_203' title='bbox 148 1823 165 1855; x_wconf 83' lang='grc'>5</span> <span class='ocrx_word' id='word_1_204' title='bbox 186 1810 235 1857; x_wconf 87' lang='lat' dir='ltr'>Q.</span> <span class='ocrx_word' id='word_1_205' title='bbox 260 1808 383 1848; x_wconf 81' lang='lat' dir='ltr'>Fabio</span> <span class='ocrx_word' id='word_1_206' title='bbox 405 1810 593 1849; x_wconf 88' lang='lat' dir='ltr'>Labeone</span> <span class='ocrx_word' id='word_1_207' title='bbox 623 1809 855 1849; x_wconf 89' lang='lat' dir='ltr'>consulibus</span> <span class='ocrx_word' id='word_1_208' title='bbox 884 1817 1083 1849; x_wconf 90' lang='lat' dir='ltr'>mortuum</span> <span class='ocrx_word' id='word_1_209' title='bbox 1113 1809 1153 1848; x_wconf 91' lang='lat' dir='ltr'>in</span> <span class='ocrx_word' id='word_1_210' title='bbox 1182 1808 1314 1848; x_wconf 91' lang='lat' dir='ltr'>annali</span> <span class='ocrx_word' id='word_1_211' title='bbox 1335 1822 1408 1848; x_wconf 91' lang='lat' dir='ltr'>suo</span> <span class='ocrx_word' id='word_1_212' title='bbox 1428 1807 1518 1847; x_wconf 88' lang='lat' dir='ltr'>scri-</span> 
     </span>
     <span class='ocr_line' id='line_1_27' title="bbox 184 1873 1517 1924; baseline 0.001 -13"><span class='ocrx_word' id='word_1_213' title='bbox 184 1881 295 1924; x_wconf 87' lang='lat' dir='ltr'>ptum</span> <span class='ocrx_word' id='word_1_214' title='bbox 330 1873 494 1924; x_wconf 89' lang='lat' dir='ltr'>reliquit,</span> <span class='ocrx_word' id='word_1_215' title='bbox 527 1882 568 1913; x_wconf 90' lang='lat' dir='ltr'>at</span> <span class='ocrx_word' id='word_1_216' title='bbox 607 1874 793 1924; x_wconf 84' lang='lat' dir='ltr'>Polybius</span> <span class='ocrx_word' id='word_1_217' title='bbox 826 1876 869 1913; x_wconf 72' lang='lat'>1..</span> <span class='ocrx_word' id='word_1_218' title='bbox 907 1874 1078 1914; x_wconf 86' lang='lat' dir='ltr'>Aemilio</span> <span class='ocrx_word' id='word_1_219' title='bbox 1108 1875 1232 1913; x_wconf 87' lang='lat' dir='ltr'>Paulo</span> <span class='ocrx_word' id='word_1_220' title='bbox 1262 1875 1334 1914; x_wconf 89' lang='lat' dir='ltr'>Cn.</span> <span class='ocrx_word' id='word_1_221' title='bbox 1367 1873 1517 1913; x_wconf 91' lang='lat' dir='ltr'>Baebio</span> 
     </span>
     <span class='ocr_line' id='line_1_28' title="bbox 184 1938 1516 1990; baseline 0.001 -14"><span class='ocrx_word' id='word_1_222' title='bbox 184 1938 408 1988; x_wconf 89' lang='lat' dir='ltr'>Tamphilo,</span> <span class='ocrx_word' id='word_1_223' title='bbox 449 1938 646 1990; x_wconf 85' lang='lat' dir='ltr'>Sulpicius</span> <span class='ocrx_word' id='word_1_224' title='bbox 683 1947 816 1979; x_wconf 88' lang='lat' dir='ltr'>autem</span> <span class='ocrx_word' id='word_1_225' title='bbox 858 1939 991 1979; x_wconf 89' lang='lat' dir='ltr'>Blitho</span> <span class='ocrx_word' id='word_1_226' title='bbox 1032 1942 1072 1978; x_wconf 89' lang='lat' dir='ltr'>P.</span> <span class='ocrx_word' id='word_1_227' title='bbox 1109 1938 1297 1979; x_wconf 91' lang='lat' dir='ltr'>Cornelio</span> <span class='ocrx_word' id='word_1_228' title='bbox 1336 1939 1516 1989; x_wconf 84' lang='lat' dir='ltr'>Cethego</span> 
     </span>
     <span class='ocr_line' id='line_1_29' title="bbox 188 2003 1553 2056; baseline -0.001 -14"><span class='ocrx_word' id='word_1_229' title='bbox 188 2004 244 2042; x_wconf 90' lang='lat' dir='ltr'>M.</span> <span class='ocrx_word' id='word_1_230' title='bbox 268 2003 418 2043; x_wconf 87' lang='lat' dir='ltr'>Baebio</span> <span class='ocrx_word' id='word_1_231' title='bbox 438 2004 662 2056; x_wconf 88' lang='lat' dir='ltr'>Tamphilo.</span> <span class='ocrx_word' id='word_1_232' title='bbox 720 2013 840 2055; x_wconf 88' lang='lat' dir='ltr'>atque</span> <span class='ocrx_word' id='word_1_233' title='bbox 860 2004 924 2044; x_wconf 90' lang='lat' dir='ltr'>hic</span> <span class='ocrx_word' id='word_1_234' title='bbox 949 2013 1080 2044; x_wconf 89' lang='lat' dir='ltr'>tantus</span> <span class='ocrx_word' id='word_1_235' title='bbox 1101 2005 1158 2044; x_wconf 91' lang='lat' dir='ltr'>vir</span> <span class='ocrx_word' id='word_1_236' title='bbox 1178 2005 1376 2055; x_wconf 85' lang='lat' dir='ltr'>tantisque</span> <span class='ocrx_word' id='word_1_237' title='bbox 1403 2004 1516 2044; x_wconf 89' lang='lat' dir='ltr'>bellis</span> <span class='ocrx_word' id='word_1_238' title='bbox 1538 2019 1553 2040; x_wconf 81' lang='lat'><em>2</em></span> 
     </span>
     <span class='ocr_line' id='line_1_30' title="bbox 186 2068 1516 2124; baseline 0.002 -17"><span class='ocrx_word' id='word_1_239' title='bbox 186 2068 385 2108; x_wconf 87' lang='lat' dir='ltr'>districtus</span> <span class='ocrx_word' id='word_1_240' title='bbox 405 2069 585 2108; x_wconf 89' lang='lat' dir='ltr'>nonnihil</span> <span class='ocrx_word' id='word_1_241' title='bbox 606 2069 793 2124; x_wconf 85' lang='lat' dir='ltr'>temporis</span> <span class='ocrx_word' id='word_1_242' title='bbox 814 2069 948 2110; x_wconf 90' lang='lat' dir='ltr'>tribuit</span> <span class='ocrx_word' id='word_1_243' title='bbox 967 2069 1114 2110; x_wconf 88' lang='lat' dir='ltr'>litteris.</span> <span class='ocrx_word' id='word_1_244' title='bbox 1173 2083 1346 2121; x_wconf 87' lang='lat' dir='ltr'>namque</span> <span class='ocrx_word' id='word_1_245' title='bbox 1365 2069 1516 2121; x_wconf 90' lang='lat' dir='ltr'>aliquot</span> 
     </span>
    </p>

    <p class='ocr_par' dir='ltr' id='par_1_5' title="bbox 128 2134 1553 2251">
     <span class='ocr_line' id='line_1_31' title="bbox 128 2134 1515 2184; baseline 0.001 -11"><span class='ocrx_word' id='word_1_246' title='bbox 128 2150 170 2181; x_wconf 81' lang='lat'>30</span> <span class='ocrx_word' id='word_1_247' title='bbox 187 2134 271 2174; x_wconf 89' lang='lat' dir='ltr'>eius</span> <span class='ocrx_word' id='word_1_248' title='bbox 290 2134 377 2174; x_wconf 89' lang='lat' dir='ltr'>libri</span> <span class='ocrx_word' id='word_1_249' title='bbox 398 2142 500 2182; x_wconf 88' lang='lat' dir='ltr'>sunt,</span> <span class='ocrx_word' id='word_1_250' title='bbox 524 2136 678 2174; x_wconf 88' lang='lat' dir='ltr'>Graeco</span> <span class='ocrx_word' id='word_1_251' title='bbox 698 2148 880 2175; x_wconf 91' lang='lat' dir='ltr'>sermone</span> <span class='ocrx_word' id='word_1_252' title='bbox 900 2135 1085 2184; x_wconf 82' lang='lat' dir='ltr'>confecti,</span> <span class='ocrx_word' id='word_1_253' title='bbox 1106 2135 1145 2174; x_wconf 93' lang='lat' dir='ltr'>in</span> <span class='ocrx_word' id='word_1_254' title='bbox 1173 2135 1228 2175; x_wconf 91' lang='lat' dir='ltr'>eis</span> <span class='ocrx_word' id='word_1_255' title='bbox 1257 2136 1309 2174; x_wconf 89' lang='lat' dir='ltr'>ad</span> <span class='ocrx_word' id='word_1_256' title='bbox 1332 2134 1515 2174; x_wconf 91' lang='lat' dir='ltr'>Rhodios</span> 
     </span>
     <span class='ocr_line' id='line_1_32' title="bbox 187 2199 1553 2251; baseline 0 -12"><span class='ocrx_word' id='word_1_257' title='bbox 187 2201 237 2240; x_wconf 90' lang='lat' dir='ltr'>de</span> <span class='ocrx_word' id='word_1_258' title='bbox 267 2201 340 2241; x_wconf 93' lang='lat' dir='ltr'>Cn.</span> <span class='ocrx_word' id='word_1_259' title='bbox 372 2200 512 2239; x_wconf 89' lang='lat' dir='ltr'>Manlii</span> <span class='ocrx_word' id='word_1_260' title='bbox 531 2200 718 2240; x_wconf 91' lang='lat' dir='ltr'>Volsonis</span> <span class='ocrx_word' id='word_1_261' title='bbox 748 2200 788 2239; x_wconf 92' lang='lat' dir='ltr'>in</span> <span class='ocrx_word' id='word_1_262' title='bbox 817 2201 912 2240; x_wconf 89' lang='lat' dir='ltr'>Asia</span> <span class='ocrx_word' id='word_1_263' title='bbox 941 2200 1058 2240; x_wconf 89' lang='lat' dir='ltr'>rebus</span> <span class='ocrx_word' id='word_1_264' title='bbox 1086 2200 1215 2251; x_wconf 86' lang='lat' dir='ltr'>gestis.</span> <span class='ocrx_word' id='word_1_265' title='bbox 1275 2200 1391 2239; x_wconf 90' lang='lat' dir='ltr'>huius</span> <span class='ocrx_word' id='word_1_266' title='bbox 1421 2199 1513 2240; x_wconf 91' lang='lat' dir='ltr'>belli</span> <span class='ocrx_word' id='word_1_267' title='bbox 1534 2212 1553 2244; x_wconf 83' lang='lat'><strong>3</strong></span> 
     </span>
    </p>
   </div>
   <div class='ocr_carea' id='block_1_3' title="bbox 180 2302 1520 2475">
    <p class='ocr_par' dir='ltr' id='par_1_6' title="bbox 180 2302 1520 2475">
     <span class='ocr_line' id='line_1_33' title="bbox 228 2302 1520 2343; baseline 0.001 -9"><span class='ocrx_word' id='word_1_268' title='bbox 228 2313 266 2343; x_wconf 84' lang='lat'>31</span> <span class='ocrx_word' id='word_1_269' title='bbox 293 2303 452 2336; x_wconf 83' lang='lat' dir='ltr'>Volsonis</span> <span class='ocrx_word' id='word_1_270' title='bbox 476 2315 522 2335; x_wconf 88' lang='lat' dir='ltr'>u:</span> <span class='ocrx_word' id='word_1_271' title='bbox 553 2303 684 2335; x_wconf 88' lang='lat' dir='ltr'>volonis</span> <span class='ocrx_word' id='word_1_272' title='bbox 709 2302 864 2335; x_wconf 82' lang='lat' dir='ltr'><em>ABPR:</em></span> <span class='ocrx_word' id='word_1_273' title='bbox 888 2303 1027 2335; x_wconf 89' lang='lat' dir='ltr'>Valonis</span> <span class='ocrx_word' id='word_1_274' title='bbox 1048 2303 1100 2336; x_wconf 87' lang='lat' dir='ltr'>M.</span> <span class='ocrx_word' id='word_1_275' title='bbox 1145 2303 1275 2336; x_wconf 72' lang='lat' dir='ltr'>Adiecti</span> <span class='ocrx_word' id='word_1_276' title='bbox 1292 2307 1372 2336; x_wconf 80' lang='lat' dir='ltr'>sunt</span> <span class='ocrx_word' id='word_1_277' title='bbox 1394 2304 1428 2335; x_wconf 79' lang='lat' dir='ltr'>in</span> <span class='ocrx_word' id='word_1_278' title='bbox 1448 2303 1520 2335; x_wconf 83' lang='grc' dir='ltr'>ΑΡ</span> 
     </span>
     <span class='ocr_line' id='line_1_34' title="bbox 180 2347 644 2387; baseline 0 -9"><span class='ocrx_word' id='word_1_279' title='bbox 180 2347 359 2387; x_wconf 83' lang='lat' dir='ltr'>paucisque</span> <span class='ocrx_word' id='word_1_280' title='bbox 373 2348 446 2379; x_wconf 65' lang='lat' dir='ltr'>alins</span> <span class='ocrx_word' id='word_1_281' title='bbox 460 2347 497 2378; x_wconf 84' lang='lat' dir='ltr'>ln&#39;</span> <span class='ocrx_word' id='word_1_282' title='bbox 510 2358 625 2379; x_wconf 84' lang='lat' dir='ltr'>uersus</span> <span class='ocrx_word' id='word_1_283' title='bbox 638 2358 644 2378; x_wconf 91' lang='lat'>:</span> 
     </span>
     <span class='ocr_line' id='line_1_35' title="bbox 271 2389 1323 2432; baseline 0.002 -10"><span class='ocrx_word' id='word_1_284' title='bbox 271 2390 378 2430; x_wconf 79' lang='lat' dir='ltr'>Vade,</span> <span class='ocrx_word' id='word_1_285' title='bbox 404 2391 497 2431; x_wconf 83' lang='lat' dir='ltr'>liber,</span> <span class='ocrx_word' id='word_1_286' title='bbox 525 2391 630 2422; x_wconf 86' lang='lat' dir='ltr'>nostri</span> <span class='ocrx_word' id='word_1_287' title='bbox 657 2391 789 2432; x_wconf 81' lang='lat' dir='ltr'>[noster</span> <span class='ocrx_word' id='word_1_288' title='bbox 811 2389 863 2431; x_wconf 84' lang='lat' dir='ltr'>A]</span> <span class='ocrx_word' id='word_1_289' title='bbox 889 2391 957 2422; x_wconf 86' lang='lat' dir='ltr'>sato</span> <span class='ocrx_word' id='word_1_290' title='bbox 980 2391 1121 2423; x_wconf 89' lang='lat' dir='ltr'>meliore</span> <span class='ocrx_word' id='word_1_291' title='bbox 1144 2397 1323 2432; x_wconf 85' lang='lat' dir='ltr'>memento,</span> 
     </span>
     <span class='ocr_line' id='line_1_36' title="bbox 316 2434 1218 2475; baseline 0.002 -10"><span class='ocrx_word' id='word_1_292' title='bbox 316 2444 391 2465; x_wconf 88' lang='lat' dir='ltr'>cum</span> <span class='ocrx_word' id='word_1_293' title='bbox 413 2434 505 2475; x_wconf 87' lang='lat' dir='ltr'>leget</span> <span class='ocrx_word' id='word_1_294' title='bbox 528 2435 613 2466; x_wconf 89' lang='lat' dir='ltr'>haec</span> <span class='ocrx_word' id='word_1_295' title='bbox 636 2435 804 2475; x_wconf 85' lang='lat' dir='ltr'>dominus,</span> <span class='ocrx_word' id='word_1_296' title='bbox 831 2439 864 2466; x_wconf 85' lang='lat' dir='ltr'>te</span> <span class='ocrx_word' id='word_1_297' title='bbox 889 2435 973 2466; x_wconf 86' lang='lat' dir='ltr'>sciat</span> <span class='ocrx_word' id='word_1_298' title='bbox 995 2445 1072 2467; x_wconf 86' lang='lat' dir='ltr'>esse</span> <span class='ocrx_word' id='word_1_299' title='bbox 1096 2445 1218 2467; x_wconf 88' lang='lat' dir='ltr'>meum.</span> 
     </span>
    </p>
   </div>
  </div>
 </body>
</html>
