1746 2740
110 1182 147 1214 ¹5

108 1509 148 1532 20

110 1830 148 1864 ²5

106 2154 147 2186 30

614 138 1055 178 THEMISTOCLES
1447 141 1504 180 ΙΙ.
1526 140 1590 180 vii

169 252 437 303 pugnaculum
466 249 694 302 oppositum
723 263 810 289 esse
838 249 1025 298 barbaris,
1049 251 1158 301 apud
1184 263 1304 301 quam
1334 250 1413 290 iam
1442 252 1503 291 bis

169 318 313 356 classes
346 315 470 367 regias
503 315 643 355 fecisse
676 313 934 366 naufragium.
994 315 1335 355 Lacedaemonios
1369 324 1502 356 autem
1522 327 1541 358 6

169 383 272 421 male
309 388 348 420 et
386 380 530 420 iniuste
567 382 706 429 facere,
742 379 811 431 qui
848 379 889 419 id
926 379 1059 431 potius
1097 379 1351 429 intuerentur,
1393 383 1503 432 quod

169 447 343 499 ipsorum
373 446 637 487 dominationi
667 459 786 497 quarn
816 446 926 497 'quod
955 446 1161 485 universae
1189 446 1378 486 Graeciae
1407 447 1502 486 utile

130 551 139 560 ,
167 521 280 553 esset.
341 526 473 563 quare,
495 512 527 551 si
548 526 641 551 suos
661 513 810 563 legatos
830 511 1003 562 recipere
1023 513 1178 560 vellent,
1202 525 1302 563 quos
1323 513 1502 552 Athenas

168 578 364 626 miserant,
396 592 437 617 se
467 577 719 626 remitterent,
750 576 862 616 aliter
892 575 979 615 illos
1009 590 1227 628 numquam
1262 577 1302 616 in
1336 577 1501 628 patriam

167 652 298 684 essent
318 644 522 695 recepturi.

221 712 375 749 Tamen
405 723 487 748 non
516 709 650 760 effugit
679 709 824 748 civium
859 722 1021 748 suorum
1056 707 1256 748 invidiam.
1327 723 1502 760 namque
1522 711 1568 750 8·

167 777 220 815 ob
249 777 422 815 eundem
451 774 645 823 timorem,
676 788 757 825 quo
786 775 997 813 damnatus
1027 781 1109 812 erat
1140 774 1354 822 Miltiades,
1383 782 1502 814 testu-

167 843 291 880 larum
330 840 521 891 suffragiis
551 854 574 879 e
607 839 764 879 civitate
798 839 947 879 eiectus
981 841 1109 890 Argos
1148 839 1370 879 habitatum
1409 854 1500 880 con-

167 906 293 946 cessit.
353 905 417 945 hic
446 919 538 945 cum
567 913 728 957 propter
757 906 901 944 multas
930 904 1014 944 eius
1043 904 1206 944 virtutes
1235 919 1379 956 magna
1407 919 1499 945 curn
1522 922 1538 944 2

167 971 356 1023 dignitate
382 971 542 1019 viveret,
571 969 881 1010 Lacedaemonii
909 971 1059 1021 legatos
1086 971 1266 1010 Athenas
1296 970 1498 1019 miserunt,

167 1037 232 1088 qui
262 1050 354 1076 eum
383 1037 589 1075 absentem
617 1043 860 1083 accusarent,
888 1036 999 1086 quod
1028 1035 1258 1075 societatem
1290 1050 1381 1075 cum
1411 1050 1501 1087 rege

168 1104 284 1141 Perse
316 1103 368 1140 ad
403 1100 611 1140 Graeciam
644 1100 948 1152 opprimendam
982 1100 1148 1140 fecisset.
1222 1103 1299 1140 hoc
1337 1101 1500 1141 crimine
1521 1114 1539 1146 3

167 1168 309 1206 absens
336 1165 571 1217 proditionis
598 1167 809 1206 damnatus
829 1174 898 1205 est.
958 1165 999 1205 id
1024 1174 1066 1205 ut
1093 1166 1252 1214 audivit,
1281 1168 1391 1218 quod
1417 1181 1500 1207 non

167 1232 260 1271 satis
294 1239 422 1270 tutum
457 1244 498 1270 se
527 1230 642 1282 Argis
675 1230 845 1278 videbat,
877 1231 1091 1281 Corcyram
1130 1231 1371 1282 demigravit.
1445 1232 1499 1272 ibi

167 1311 258 1336 cum
287 1296 371 1336 eius
399 1296 598 1347 principes
625 1295 967 1335 animadvertisset
999 1295 1149 1344 timere,
1181 1310 1231 1335 ne
1265 1305 1424 1348 propter
1458 1311 1499 1336 se

166 1363 314 1401 bellum
338 1361 385 1401 iis
412 1361 718 1401 Lacedaemonii
743 1369 782 1401 et
802 1361 1068 1400 Athenienses
1095 1360 1327 1410 indicerent,
1348 1363 1399 1401 ad
1421 1363 1500 1401 Ad-

168 1435 328 1475 metum,
353 1428 578 1466 Molossum
598 1440 740 1477 regem,
763 1440 854 1465 cum
885 1440 966 1478 quo
986 1425 1022 1465 ei
1052 1426 1268 1478 hospitium
1293 1434 1386 1475 erat,
1409 1441 1500 1466 con-

166 1492 273 1543 fugit.
332 1493 410 1531 huc
439 1505 530 1531 cum
551 1491 722 1530 venisset
749 1499 788 1530 et
817 1490 857 1530 in
885 1491 1108 1542 praesentia
1133 1506 1199 1531 rex
1227 1492 1395 1540 abesset,
1418 1506 1500 1544 quo
1518 1507 1539 1536 4

167 1557 313 1597 maiore
333 1557 520 1609 religione
546 1570 588 1597 se
607 1564 810 1607 receptum
837 1564 1022 1605 tueretur,
1044 1556 1164 1596 filiam
1186 1557 1269 1596 eius
1296 1560 1498 1608 parvulam

166 1623 326 1674 arripuit
345 1631 384 1662 et
410 1636 502 1662 cum
529 1636 577 1662 ea
596 1635 638 1661 se
664 1621 705 1660 in
732 1621 954 1669 sacrarium,
977 1623 1087 1673 quod
1115 1635 1272 1661 summa
1294 1624 1499 1662 colebatur

166 1687 415 1735 caerimonia,
445 1687 628 1727 coniecit.
685 1686 779 1726 inde
807 1701 889 1726 non
923 1687 1030 1738 prius
1064 1701 1242 1738 egressus
1276 1696 1346 1736 est,
1378 1702 1498 1739 quam

167 1766 231 1791 rex
265 1766 356 1791 eum
390 1754 483 1791 data
515 1754 650 1791 dextra
670 1751 710 1790 in
745 1752 866 1790 fidem
899 1752 1100 1802 reciperet,
1136 1766 1255 1802 quam
1295 1753 1496 1803 praestitit.

168 1831 259 1855 narn
286 1831 377 1855 cum
404 1818 455 1856 ab
475 1816 788 1856 Atheniensibus
807 1823 846 1855 et
871 1817 1198 1856 Lacedaemoniis
1223 1826 1499 1868 exposceretur
1519 1834 1535 1864 5

169 1881 337 1932 publice,
368 1881 587 1932 supplicem
617 1895 698 1920 non
728 1881 902 1932 prodidit
931 1882 1166 1933 monuitque
1199 1891 1242 1922 ut
1275 1884 1498 1923 consuleret

168 1946 266 1985 sibi:
299 1946 458 1986 difficile
486 1946 593 1986 enirn
622 1960 708 1986 esse
737 1946 777 1985 in
806 1954 887 1986 tam
916 1947 1141 1998 propinquo
1171 1949 1261 1987 loeo
1290 1956 1376 1988 tuto
1405 1962 1496 1988 eum

167 2011 319 2051 versari.
378 2011 511 2063 itaque
541 2013 720 2062 Pydnam
751 2025 842 2054 eum
872 2011 1018 2052 deduci
1047 2012 1158 2052 iussit
1187 2021 1226 2053 et
1259 2015 1369 2065 quod
1403 2014 1496 2053 satis

166 2084 268 2116 esset
288 2077 471 2128 praesidii
491 2077 611 2117 dedit.
672 2077 736 2116 hic
755 2077 795 2116 in
821 2091 962 2117 navem
983 2078 1169 2118 omnibus
1190 2078 1347 2130 ignotus
1367 2079 1496 2118 nautis
1517 2087 1536 2119 6

166 2142 354 2182 escendit.
413 2155 515 2193 quae
543 2155 634 2181 cum
664 2150 898 2193 tempestate
927 2142 1098 2182 maxima
1131 2145 1289 2183 Naxum
1323 2145 1495 2192 ferretur,

167 2206 235 2246 ubi
263 2215 347 2246 tum
369 2207 672 2247 Atheniensium
702 2215 783 2246 erat
813 2207 1014 2255 exercitus,
1044 2208 1166 2248 sensit
1192 2209 1494 2258 Themistocles,

211 2322 246 2343 11
272 2313 346 2343 eius
369 2311 482 2344 t'nclus.
502 2312 634 2344 Halm:
658 2322 737 2343 suas
760 2312 858 2344 Fleck.
970 2322 1007 2352 17
1032 2312 1122 2354 eius]
1147 2314 1239 2344 ciues
1262 2314 1310 2345 H.
1322 2313 1359 2353 J.
1375 2312 1501 2345 Maller

167 2356 216 2396 18,
241 2366 280 2395 ¹9
301 2356 344 2386 ad
356 2360 518 2387 atmetum
532 2354 594 2387 M:
618 2356 660 2387 ad
675 2361 820 2387 moetum
835 2355 925 2387 Dan.
940 2355 1074 2387 ABPR
1167 2367 1206 2397 19
1229 2357 1381 2390 fuerat?
1396 2368 1405 2389 z
1428 2368 1498 2390 non

163 2404 235 2431 erat
257 2398 303 2431 ed.
327 2398 420 2432 Teub.
555 2409 598 2439 3ο
620 2400 774 2430 ascendit
796 2399 827 2431 ς’
839 2410 846 2430 :
872 2399 1071 2432 conscendit
1096 2410 1119 2431 u
