1746 2740
133 129 242 168 XIV.
264 127 311 167 iii
612 127 866 169 CORNELI
898 126 1139 168 NEPOTIS

173 250 198 287 3
255 226 395 280 'Cuius
416 239 507 280 facti
527 253 578 279 ne
596 239 703 291 prius
726 241 831 279 fama
849 240 901 279 ad
919 253 1051 291 regem
1071 252 1190 290 quam
1211 238 1295 290 ipse
1314 238 1543 290 perveniret,

216 304 327 344 dedit
360 319 531 357 operam.
588 303 723 356 itaque
756 305 943 345 omnibus
975 304 1109 344 insciis
1146 319 1206 352 eo,
1242 304 1311 344 ubi
1348 313 1429 344 erat
1466 319 1543 353 rex,

215 369 322 409 venit
360 376 598 422 posteroque
636 370 701 410 die
738 372 895 421 Thuyn,
932 370 1135 410 hominem
1174 369 1333 409 maximi
1371 370 1545 422 corporis

215 435 457 488 terribilique
483 435 593 484 facie,
619 438 729 487 quod
755 444 794 476 et
820 436 929 487 niger
956 444 996 475 et
1023 435 1166 487 capillo
1195 437 1315 487 longo
1344 436 1545 488 barbaque

215 508 315 540 erat.
338 501 541 552 promissa,
585 501 736 552 optima
777 509 885 541 veste
922 501 1026 549 texit,
1071 515 1190 553 quam
1233 509 1410 553 satrapae
1451 501 1543 554 regii
1562 519 1581 552 5

214 579 346 616 gerere
365 574 615 615 consuerant,
634 566 786 606 ornavit
805 565 923 606 etiam
943 574 1083 618 torque
1101 574 1220 618 atque
1238 566 1398 606 armillis
1417 566 1544 606 aureis

180 645 194 667 2
215 638 426 682 ceteroque
452 631 559 683 regio
585 633 692 672 cultu
707 646 719 681 3
746 632 830 684 ipse
853 632 994 684 agresti
1017 631 1165 683 duplici
1188 631 1359 672 amiculo
1383 631 1544 672 circum-

214 697 329 735 datus
358 696 537 748 hirtaque
563 697 708 745 tunica,
728 711 865 749 gerens
894 697 934 736 in
960 697 1088 749 capite
1116 699 1266 748 galeam
1290 697 1541 745 venatoriam,

214 763 350 801 dextra
382 776 502 802 manu
531 764 702 819 clavam,
725 763 879 804 sinistra
909 765 1105 814 copulam,
1135 777 1215 814 qua
1242 762 1418 802 vinctum
1450 771 1543 803 ante

215 840 257 866 se
283 828 494 878 Thuynem
520 828 671 878 agebat,
703 836 746 867 ut
774 828 804 867 si
839 830 960 868 feram
988 827 1154 868 bestiam
1183 836 1337 879 captam
1367 829 1538 868 duceret.
1563 845 1603 868 ιο

177 909 196 941 3
215 906 333 943 quem
362 907 454 932 curn
484 907 622 932 omnes
649 893 923 945 conspicerent
951 901 1110 945 propter
1137 893 1352 933 novitatem
1381 901 1541 933 ornatus

214 957 470 1009 ignotamque
504 959 671 998 formam
705 959 759 998 ob
797 972 965 1010 eamque
1003 972 1084 998 rem
1116 973 1281 1010 magnus
1314 967 1417 998 esset
1450 973 1542 999 con-

213 1036 360 1071 cursus,
410 1023 482 1063 suit
528 1037 731 1064 nonnemo
778 1024 846 1075 qui
895 1032 1125 1076 agnosceret
1170 1026 1330 1075 Thuym
1382 1024 1541 1076 regique

175 1104 195 1135 4
213 1089 420 1129 nuntiaret.
479 1089 606 1142 primo
626 1104 706 1130 non
730 1090 945 1130 accredidit
965 1090 1097 1141 itaque
1117 1091 1414 1130 Pharnabazum
1435 1090 1540 1130 misit

176 1152 178 1154 ’
211 1156 466 1206 exploratum.
524 1169 548 1195 a
567 1145 648 1208 duo
668 1164 711 1196 ut
734 1170 816 1196 rem
835 1164 985 1207 gestam
1009 1156 1212 1208 comperit,
1234 1155 1363 1196 statim
1383 1156 1539 1196 admitti
1561 1172 1598 1205 ¹5

211 1219 333 1268 iussit,
355 1233 593 1272 magnopere
612 1223 829 1261 delectatus
849 1235 939 1261 cum
961 1223 1065 1261 facto
1085 1229 1168 1261 turn
1189 1229 1338 1270 ornatu,
1361 1221 1540 1273 inprimis

175 1303 192 1334 5
211 1285 320 1335 quod
350 1285 493 1325 nobilis
517 1300 582 1325 rex
606 1286 646 1325 in
675 1294 911 1338 potestatem
935 1286 1156 1338 inopinanti
1179 1295 1348 1327 venerat.
1408 1288 1540 1339 itaque

210 1349 418 1401 magnifice
449 1352 645 1391 Datamen
669 1353 861 1392 donatum
890 1354 941 1392 ad
965 1351 1178 1392 exercitum
1207 1352 1323 1400 misit,
1354 1352 1421 1403 qui
1455 1361 1538 1392 tum

210 1416 514 1455 contrahebatur
543 1417 646 1456 duce
684 1418 940 1457 Pharnabazo
969 1424 1008 1456 et
1046 1416 1271 1456 Tithrauste
1304 1418 1355 1457 ad
1389 1418 1538 1457 bellum

203 1479 459 1531 Aegyptium,
491 1480 653 1532 parique
686 1495 778 1521 eum
811 1489 930 1533 atque
968 1481 1055 1522 illos
1088 1481 1254 1533 imperio
1290 1497 1376 1523 esse
1413 1482 1535 1522 iussit.
1560 1498 1598 1521 20

210 1552 346 1595 postea
374 1558 467 1584 vero
496 1560 615 1597 quam
646 1547 944 1587 Pharnabazum
974 1560 1039 1587 rex
1068 1547 1276 1597 revocavit,
1300 1548 1353 1587 illi
1383 1562 1538 1587 summa

209 1608 362 1660 imperii
392 1610 533 1650 tradita
561 1619 630 1650 est.

163 1685 191 1724 4
265 1675 345 1714 Hic
383 1689 474 1714 cum
509 1676 682 1716 maximo
719 1677 852 1718 studio
885 1687 1129 1730 compararet
1167 1679 1379 1719 exercitum
1413 1681 1538 1730 Aegy-

209 1747 401 1792 ptumque
429 1741 624 1792 proficisci
658 1751 819 1793 pararet,
851 1744 984 1784 subito
1016 1759 1039 1784 a
1072 1759 1161 1797 rege
1190 1745 1339 1786 litterae
1372 1753 1463 1784 sunt
1501 1744 1537 1784 ei

210 1804 362 1854 missae,
402 1814 445 1845 ut
482 1806 622 1858 Aspim
659 1809 943 1860 aggrederetur,
979 1808 1047 1861 qui
1086 1810 1319 1851 Cataoniam
1353 1811 1535 1850 tenebat:
1557 1825 1595 1858 25

208 1883 310 1920 quae
355 1884 450 1921 gens
493 1871 593 1911 iacet
639 1886 756 1924 supra
803 1874 995 1922 Ciliciam,
1036 1875 1203 1915 confinis
1246 1875 1533 1927 Cappadociae.

172 1951 189 1974 2
209 1948 380 1986 namque
410 1936 538 1987 Aspis,
575 1939 788 1978 saltuosam
826 1939 1025 1990 regionem
1059 1940 1306 1992 castellisque
1345 1939 1535 1980 munitam

208 1999 399 2049 incolens,
422 2015 503 2041 non
532 2004 660 2042 solum
690 2003 856 2055 imperio
883 2005 983 2056 regis
1011 2019 1092 2045 non
1117 2006 1287 2058 parebat,
1319 2007 1389 2046 sed
1417 2005 1534 2045 etiam

209 2065 394 2105 finitimas
427 2067 604 2118 regiones
637 2070 802 2109 vexabat
840 2078 879 2109 et
912 2084 1013 2122 quae
1045 2070 1125 2122 regi
1162 2079 1406 2123 portarentur
1438 2070 1536 2110 abri-

172 2130 350 2182 3piebat.
411 2133 600 2173 Datames
638 2134 710 2173 etsi
743 2136 860 2186 longe
896 2136 1031 2175 aberat
1067 2136 1119 2175 ab
1151 2135 1198 2176 iis
1235 2135 1458 2187 regionibus
1496 2143 1534 2175 et
1554 2149 1596 2181 30

207 2209 231 2234 a
264 2196 410 2236 maiore
443 2211 483 2237 re
512 2198 825 2248 abstrahebatur,
857 2207 989 2240 tamen
1028 2200 1126 2252 regis
1159 2201 1350 2240 voluntati
1383 2214 1534 2241 morem

207 2262 422 2311 gerendum
457 2263 616 2312 putavit.
675 2263 807 2315 itaque
840 2279 931 2304 cum
965 2266 1110 2317 paucis,
1143 2267 1213 2305 sed
1247 2265 1335 2305 viris
1368 2266 1533 2306 fortibus

255 2375 267 2395 1
279 2374 289 2394 1
316 2375 402 2404 quae
416 2375 489 2396 cum
501 2365 597 2407 Nipp.
690 2367 883 2407 aspicerent
895 2366 984 2401 Leid.
1000 2368 1080 2401 Can.
1218 2379 1258 2410 19
1279 2369 1427 2402 Titraste
1440 2369 1532 2404 Dan.

207 2406 310 2438 ,ΑΒΡ
439 2419 479 2439 22
505 2410 629 2441 tradita
645 2415 723 2441 sunt
738 2410 828 2443 Dan.
846 2411 949 2443 ABP
1232 2421 1236 2424 ”
1530 2423 1534 2426 ·
