1718 2746
685 133 1001 172 MILTIADES
1171 131 1176 134 ’
1491 133 1523 172 Ῑ.
1543 133 1592 171 iv

185 244 294 284 milia
330 244 509 296 equitum
547 243 668 292 dedit,
704 257 865 283 causam
899 242 1134 282 interserens
1168 256 1210 282 se
1243 244 1399 283 hostem
1431 257 1517 283 esse

184 309 508 358 Atheniensibus,
531 310 642 361 quod
667 322 805 348 eorum
827 307 973 348 auxilio
1001 309 1121 348 Iones
1147 308 1280 348 Sardis
1303 323 1518 360 expugnas-

184 383 273 416 sent
309 389 461 426 suaque
498 373 695 426 praesidia
730 373 1028 414 interfecissent.
1106 373 1163 413 illi
1198 373 1386 426 praefecti
1423 374 1518 425 regii
1539 395 1555 417 2

183 442 308 481 classe
340 442 393 480 ad
432 441 640 480 Euboeam
677 441 845 491 appulsa
881 440 1058 479 celeriter
1097 439 1289 479 Eretriam
1327 447 1518 491 ceperunt

149 519 167 552 5
184 520 404 557 omnesque
433 505 517 545 eius
545 505 673 557 gentis
701 505 806 545 cives
839 505 1026 556 abreptos
1059 505 1100 544 in
1129 505 1266 545 Asiam
1299 506 1352 546 ad
1385 520 1517 557 regem

183 571 385 611 miserunt.
445 571 539 610 inde
566 572 619 610 ad
638 570 813 610 Atticam
841 578 1094 610 accesserunt
1121 585 1169 610 ac
1198 584 1288 610 suas
1314 570 1450 622 copias
1476 570 1517 610 in

182 649 370 689 campum
397 638 637 676 Marathona
660 637 920 676 deduxerunt.
979 635 1012 676 is
1038 643 1098 676 est
1122 636 1174 675 ab
1195 636 1346 687 oppido
1365 625 1518 676 circiter

183 701 292 742 milia
310 716 499 754 passuum
525 703 678 742 decem.
736 703 814 741 hoc
840 704 1013 741 tumultu
1033 702 1301 741 Athenienses
1327 710 1408 741 tam
1432 715 1519 753 pro—
1537 712 1556 744 3

182 768 336 820 pinquo
364 776 526 819 tamque
559 782 704 819 magno
736 767 906 819 permoti
938 767 1127 807 auxilium
1160 781 1358 819 nusquam
1391 766 1464 806 nisi
1494 780 1519 806 a

128 847 169 871 10
185 833 514 873 Lacedaemoniis
556 833 779 885 petiverunt
823 832 1148 884 Phidippumque
1191 847 1390 873 cursorem
1434 832 1518 872 eius

180 899 348 950 generis,
370 898 437 950 qui
458 900 788 938 hemerodromoe
807 905 1009 946 vocantur,
1033 899 1381 938 Lacedaemonem
1405 898 1519 938 mise-

179 972 283 1012 runt,
319 972 362 1004 ut
396 964 594 1004 nuntiaret
627 977 748 1015 quam
782 963 900 1003 celeri
929 977 1030 1015 opus
1060 971 1163 1003 esset
1191 963 1347 1003 auxilio.
1407 964 1516 1003 domi
1535 981 1556 1011 4

177 1038 314 1070 autem
340 1038 475 1069 creant
500 1031 641 1069 decem
665 1038 875 1081 praetores,
903 1029 971 1081 qui
998 1029 1185 1069 exercitui
1212 1037 1450 1080 praeessent,
1476 1029 1517 1068 in

180 1096 238 1135 eis
275 1095 509 1135 Miltiadem.
572 1095 674 1135 inter
707 1109 807 1146 quos
842 1109 985 1146 magna
1022 1095 1094 1134 fuit
1133 1094 1349 1143 contentio,
1385 1103 1516 1134 utrum
1563 1128 1565 1130 .

126 1171 166 1206 ¹5
183 1160 395 1200 moenibus
413 1174 451 1199 se
473 1161 732 1200 defenderent
753 1174 805 1199 an
831 1160 990 1200 obviam
1017 1160 1117 1199 irent
1143 1160 1325 1200 hostibus
1351 1160 1516 1211 acieque

180 1227 449 1266 decernerent.
507 1240 610 1265 unus
640 1225 842 1265 Miltiades
871 1225 1042 1265 maxime
1074 1225 1284 1273 nitebatur,
1315 1233 1358 1264 ut
1386 1225 1515 1277 primo
1535 1240 1553 1272 5

178 1305 341 1343 quoque
361 1299 539 1342 tempore
558 1299 686 1330 castra
705 1291 842 1330 fierent
858 1305 866 1330 :
890 1290 932 1330 id
952 1290 983 1330 si
1003 1292 1151 1330 factum
1167 1298 1281 1339 esset,
1304 1298 1342 1330 et
1362 1290 1514 1330 civibus

177 1357 357 1397 animum
386 1371 649 1406 accessurum,
681 1371 772 1396 eum
808 1356 986 1396 viderent
1014 1358 1066 1396 de
1095 1370 1232 1396 eorum
1261 1356 1403 1396 virtute
1433 1371 1514 1396 non

177 1423 387 1475 desperari,
414 1430 453 1462 et
481 1424 616 1462 hostes
644 1424 786 1462 eadem
813 1437 854 1462 re
880 1424 963 1463 fore
989 1422 1190 1471 tardiores,
1213 1422 1245 1462 si
1271 1422 1515 1462 animadver-

122 1503 164 1528 20
177 1480 305 1528 terent
325 1488 462 1528 auderi
482 1490 669 1528 adversus
690 1502 732 1528 se
752 1496 832 1528 tam
853 1488 1001 1539 exiguis
1022 1487 1147 1540 copiis
1167 1488 1356 1527 dimicari.

234 1556 327 1593 Hoc
355 1553 397 1593 in
426 1562 604 1605 tempore
632 1555 741 1592 nulla
769 1553 905 1593 civitas
930 1553 1241 1593 Atheniensibus
1267 1553 1413 1593 auxilio
1440 1554 1555 1596 suits

174 1627 329 1670 praeter
348 1621 610 1658 Plataeenses.
660 1633 707 1658 ea
727 1619 833 1659 mille
854 1619 959 1658 misit
980 1619 1160 1658 militum.
1214 1618 1348 1670 itaque
1368 1620 1509 1658 horum

174 1685 349 1724 adventu
365 1686 506 1724 decem
527 1684 635 1724 milia
652 1693 892 1724 armatorum
909 1686 1109 1735 completa
1129 1692 1232 1732 sunt,
1250 1698 1352 1735 quae
1369 1698 1509 1724 manus

177 1749 346 1788 mirabili
372 1749 561 1800 flagrabat
586 1749 790 1800 pugnandi
817 1749 1044 1799 cupiditate.
1104 1763 1185 1800 quo
1212 1750 1359 1788 factum
1387 1757 1446 1789 est
1466 1758 1509 1789 ut
1530 1766 1545 1787 2

120 1827 159 1861 ²5
176 1815 265 1864 plus
285 1829 405 1865 quam
425 1816 599 1865 collegae
621 1814 823 1853 Miltiades
843 1816 1000 1854 valeret.
1059 1814 1143 1854 eius
1163 1828 1256 1865 ergo
1275 1814 1508 1855 auctoritate

176 1879 335 1931 impulsi
374 1879 638 1919 Athenienses
676 1879 812 1931 copias
850 1894 897 1920 ex
939 1880 1036 1919 urbe
1075 1881 1296 1919 eduxerunt
1338 1881 1508 1932 locoque

175 1944 322 1984 idoneo
364 1954 491 1985 castra
532 1946 718 1985 fecerunt.
796 1944 889 1985 dein
932 1954 1092 1996 postero
1133 1945 1199 1985 die
1244 1946 1319 1984 sub
1362 1946 1507 1985 montis
1527 1958 1546 1989 3

173 2010 372 2050 radicibus
397 2010 482 2050 acie
511 2010 670 2062 regione
699 2010 890 2050 instructa
919 2025 999 2050 non
1027 2010 1287 2062 apertissuma
1313 2010 1506 2062 proelium

219 2124 236 2154 7
261 2119 314 2145 est
329 2113 387 2155 ab]
413 2115 510 2147 abest
537 2115 593 2147 R:
628 2116 725 2146 abest
751 2115 794 2146 ab
818 2114 931 2145 Aldus
1077 2116 1097 2146 8
1122 2125 1284 2155 passuum
1310 2125 1355 2146 u:
1385 2125 1507 2155 passus

173 2157 259 2190 codd.
400 2168 439 2190 ιο
463 2158 723 2199 Philippumque
747 2159 777 2191 5·
912 2167 949 2198 15
973 2168 1010 2189 se
1033 2158 1108 2190 add.
1127 2158 1246 2191 Lamb.
1382 2169 1425 2190 20
1447 2169 1504 2191 au-

173 2202 245 2232 deri
263 2201 350 2234 codd.
367 2201 442 2235 dett.
460 2202 580 2234 Lamo.
600 2214 607 2233 :
631 2203 756 2233 audere
773 2201 861 2234 codd.
878 2206 939 2243 opt.
1090 2213 1131 2242 25
1156 2202 1262 2234 ualuit
1277 2201 1334 2233 A:
1360 2202 1505 2234 ualuerit

171 2243 279 2277 BMR
392 2246 491 2287 ergo]
509 2246 598 2277 enim
623 2245 687 2276 M:
710 2256 777 2278 om.
793 2246 824 2278 (ἶ
978 2256 1018 2286 27
1044 2246 1121 2277 dein
1146 2245 1235 2278 Dan.
1256 2256 1264 2276 τ
1287 2245 1411 2277 deinde
1435 2246 1500 2278 rell.

173 2289 216 2319 28
238 2290 376 2329 regione
400 2290 509 2322 Rom:
530 2300 549 2320 e
567 2300 634 2330 reg.
654 2289 743 2320 codd.
837 2300 906 2321 non
923 2289 1138 2329 apertissima
1163 2289 1268 2320 Rom:
1293 2299 1386 2321 nona
1400 2299 1504 2327 §noua

172 2330 282 2372 Dan.)
299 2334 405 2372 partis
421 2343 552 2364 summa
570 2332 660 2364 Dcm.
678 2332 732 2363 Pu
749 2345 756 2364 ε
781 2343 869 2364 nana
893 2343 924 2373 p.
940 2343 966 2364 s.
986 2333 1019 2364 A
1037 2344 1044 2364 :
1069 2343 1137 2364 non
1162 2333 1290 2374 apertis
1307 2342 1436 2364 summa
1453 2333 1502 2364 B:

173 2383 262 2406 noua
278 2380 350 2407 arte
368 2376 401 2407 ui
415 2387 545 2408 summa
561 2376 621 2408 M:
646 2376 678 2407 in
697 2381 793 2416 parte
810 2377 935 2408 montis
952 2386 1084 2407 summa
1108 2376 1141 2407 R
