<?xml version="1.0" encoding="UTF-8"?>
<!DOCTYPE html PUBLIC "-//W3C//DTD XHTML 1.0 Transitional//EN"
    "http://www.w3.org/TR/xhtml1/DTD/xhtml1-transitional.dtd">
<html xmlns="http://www.w3.org/1999/xhtml" xml:lang="en" lang="en">
 <head>
  <title>
</title>
<meta http-equiv="Content-Type" content="text/html;charset=utf-8" />
  <meta name='ocr-system' content='tesseract 3.04.00' />
  <meta name='ocr-capabilities' content='ocr_page ocr_carea ocr_par ocr_line ocrx_word'/>
</head>
<body>
  <div class='ocr_page' id='page_1' title='image "./vitaerecognovitb00nepouoft_0104.png"; bbox 0 0 1746 2740; ppageno 0'>
   <div class='ocr_carea' id='block_1_1' title="bbox 162 120 1173 161">
    <p class='ocr_par' dir='ltr' id='par_1_1' title="bbox 162 120 1173 161">
     <span class='ocr_line' id='line_1_1' title="bbox 162 120 1173 161; baseline 0.001 -2"><span class='ocrx_word' id='word_1_1' title='bbox 162 121 274 159; x_wconf 93' lang='lat' dir='ltr'>XXI.</span> <span class='ocrx_word' id='word_1_2' title='bbox 296 120 312 157; x_wconf 90' lang='lat' dir='ltr'>i</span> <span class='ocrx_word' id='word_1_3' title='bbox 647 120 900 161; x_wconf 90' lang='lat' dir='ltr'><strong>CORNELI</strong></span> <span class='ocrx_word' id='word_1_4' title='bbox 931 120 1173 160; x_wconf 92' lang='lat' dir='ltr'>NEPOTIS</span> 
     </span>
    </p>
   </div>
   <div class='ocr_carea' id='block_1_2' title="bbox 175 229 1633 2329">
    <p class='ocr_par' dir='ltr' id='par_1_2' title="bbox 175 229 1633 2329">
     <span class='ocr_line' id='line_1_2' title="bbox 246 229 1575 282; baseline 0 -12"><span class='ocrx_word' id='word_1_5' title='bbox 246 229 424 270; x_wconf 89' lang='lat' dir='ltr'>eiusdem</span> <span class='ocrx_word' id='word_1_6' title='bbox 461 230 638 282; x_wconf 87' lang='lat' dir='ltr'>generis:</span> <span class='ocrx_word' id='word_1_7' title='bbox 684 233 833 271; x_wconf 87' lang='lat' dir='ltr'>Xerxes</span> <span class='ocrx_word' id='word_1_8' title='bbox 871 238 910 270; x_wconf 92' lang='lat' dir='ltr'>et</span> <span class='ocrx_word' id='word_1_9' title='bbox 948 232 1029 271; x_wconf 95' lang='lat' dir='ltr'>duo</span> <span class='ocrx_word' id='word_1_10' title='bbox 1066 233 1313 279; x_wconf 85' lang='lat' dir='ltr'>Artaxerxae,</span> <span class='ocrx_word' id='word_1_11' title='bbox 1350 229 1575 271; x_wconf 86' lang='lat' dir='ltr'>Macrochir</span> 
     </span>
     <span class='ocr_line' id='line_1_3' title="bbox 245 295 1574 348; baseline 0.001 -13"><span class='ocrx_word' id='word_1_12' title='bbox 245 295 483 347; x_wconf 88' lang='lat' dir='ltr'>cognomine</span> <span class='ocrx_word' id='word_1_13' title='bbox 512 303 551 335; x_wconf 90' lang='lat' dir='ltr'>et</span> <span class='ocrx_word' id='word_1_14' title='bbox 581 298 788 336; x_wconf 87' lang='lat' dir='ltr'><strong>Mnemon.</strong></span> <span class='ocrx_word' id='word_1_15' title='bbox 851 295 971 335; x_wconf 85' lang='lat' dir='ltr'>Xerxi</span> <span class='ocrx_word' id='word_1_16' title='bbox 999 295 1169 335; x_wconf 86' lang='lat' dir='ltr'><strong>maxime</strong></span> <span class='ocrx_word' id='word_1_17' title='bbox 1197 303 1256 335; x_wconf 91' lang='lat' dir='ltr'>est</span> <span class='ocrx_word' id='word_1_18' title='bbox 1282 295 1442 346; x_wconf 92' lang='lat' dir='ltr'>illustre,</span> <span class='ocrx_word' id='word_1_19' title='bbox 1463 296 1574 348; x_wconf 92' lang='lat' dir='ltr'>quod</span> 
     </span>
     <span class='ocr_line' id='line_1_4' title="bbox 246 360 1575 413; baseline 0.001 -14"><span class='ocrx_word' id='word_1_20' title='bbox 246 360 425 400; x_wconf 90' lang='lat' dir='ltr'>maximis</span> <span class='ocrx_word' id='word_1_21' title='bbox 444 368 535 412; x_wconf 92' lang='lat' dir='ltr'>post</span> <span class='ocrx_word' id='word_1_22' title='bbox 554 360 762 401; x_wconf 92' lang='lat' dir='ltr'>hominum</span> <span class='ocrx_word' id='word_1_23' title='bbox 782 360 1013 400; x_wconf 88' lang='lat' dir='ltr'>memoriam</span> <span class='ocrx_word' id='word_1_24' title='bbox 1030 360 1263 400; x_wconf 90' lang='lat' dir='ltr'>exercitibus</span> <span class='ocrx_word' id='word_1_25' title='bbox 1283 368 1383 401; x_wconf 91' lang='lat' dir='ltr'>terra</span> <span class='ocrx_word' id='word_1_26' title='bbox 1397 360 1575 413; x_wconf 88' lang='lat' dir='ltr'>marique</span> 
     </span>
     <span class='ocr_line' id='line_1_5' title="bbox 207 425 1574 478; baseline 0.001 -14"><span class='ocrx_word' id='word_1_27' title='bbox 207 442 227 472; x_wconf 93' lang='lat'>4</span> <span class='ocrx_word' id='word_1_28' title='bbox 247 425 395 465; x_wconf 92' lang='lat' dir='ltr'>bellum</span> <span class='ocrx_word' id='word_1_29' title='bbox 424 425 555 466; x_wconf 89' lang='lat' dir='ltr'>intulit</span> <span class='ocrx_word' id='word_1_30' title='bbox 585 426 783 466; x_wconf 87' lang='lat' dir='ltr'>Graeciae.</span> <span class='ocrx_word' id='word_1_31' title='bbox 840 433 880 465; x_wconf 89' lang='lat' dir='ltr'>at</span> <span class='ocrx_word' id='word_1_32' title='bbox 914 426 1140 466; x_wconf 85' lang='lat' dir='ltr'>Macrochir</span> <span class='ocrx_word' id='word_1_33' title='bbox 1169 425 1420 478; x_wconf 88' lang='lat' dir='ltr'>praecipuam</span> <span class='ocrx_word' id='word_1_34' title='bbox 1454 426 1574 466; x_wconf 88' lang='lat' dir='ltr'>habet</span> 
     </span>
     <span class='ocr_line' id='line_1_6' title="bbox 245 491 1612 543; baseline 0 -13"><span class='ocrx_word' id='word_1_35' title='bbox 245 491 406 530; x_wconf 89' lang='lat' dir='ltr'>laudem</span> <span class='ocrx_word' id='word_1_36' title='bbox 420 491 687 542; x_wconf 87' lang='lat' dir='ltr'>amplissimae</span> <span class='ocrx_word' id='word_1_37' title='bbox 698 491 1064 543; x_wconf 88' lang='lat' dir='ltr'>pulcherrimaeque</span> <span class='ocrx_word' id='word_1_38' title='bbox 1084 491 1258 542; x_wconf 90' lang='lat' dir='ltr'>corporis</span> <span class='ocrx_word' id='word_1_39' title='bbox 1278 492 1437 539; x_wconf 89' lang='lat' dir='ltr'>formae,</span> <span class='ocrx_word' id='word_1_40' title='bbox 1453 504 1572 542; x_wconf 91' lang='lat' dir='ltr'>quam</span> <span class='ocrx_word' id='word_1_41' title='bbox 1593 506 1612 538; x_wconf 80' lang='lat'>5</span> 
     </span>
     <span class='ocr_line' id='line_1_7' title="bbox 245 555 1574 608; baseline 0.002 -14"><span class='ocrx_word' id='word_1_42' title='bbox 245 555 467 596; x_wconf 91' lang='lat' dir='ltr'>incredibili</span> <span class='ocrx_word' id='word_1_43' title='bbox 495 556 647 596; x_wconf 88' lang='lat' dir='ltr'>ornavit</span> <span class='ocrx_word' id='word_1_44' title='bbox 676 556 817 596; x_wconf 92' lang='lat' dir='ltr'>virtute</span> <span class='ocrx_word' id='word_1_45' title='bbox 844 556 961 597; x_wconf 91' lang='lat' dir='ltr'>belli:</span> <span class='ocrx_word' id='word_1_46' title='bbox 989 570 1162 608; x_wconf 89' lang='lat' dir='ltr'>namque</span> <span class='ocrx_word' id='word_1_47' title='bbox 1191 556 1259 596; x_wconf 92' lang='lat' dir='ltr'>illo</span> <span class='ocrx_word' id='word_1_48' title='bbox 1289 558 1425 596; x_wconf 89' lang='lat' dir='ltr'>Perses</span> <span class='ocrx_word' id='word_1_49' title='bbox 1454 570 1574 596; x_wconf 92' lang='lat' dir='ltr'>nemo</span> 
     </span>
     <span class='ocr_line' id='line_1_8' title="bbox 245 620 1570 662; baseline 0.002 -3"><span class='ocrx_word' id='word_1_50' title='bbox 245 633 365 660; x_wconf 89' lang='lat' dir='ltr'>manu</span> <span class='ocrx_word' id='word_1_51' title='bbox 395 620 467 660; x_wconf 91' lang='lat' dir='ltr'>fuit</span> <span class='ocrx_word' id='word_1_52' title='bbox 495 621 641 661; x_wconf 89' lang='lat' dir='ltr'>fortior.</span> <span class='ocrx_word' id='word_1_53' title='bbox 700 624 896 662; x_wconf 89' lang='lat' dir='ltr'>Mnemon</span> <span class='ocrx_word' id='word_1_54' title='bbox 924 630 1057 662; x_wconf 90' lang='lat' dir='ltr'>autem</span> <span class='ocrx_word' id='word_1_55' title='bbox 1087 621 1256 662; x_wconf 88' lang='lat' dir='ltr'>iustitiae</span> <span class='ocrx_word' id='word_1_56' title='bbox 1293 623 1398 661; x_wconf 90' lang='lat' dir='ltr'>fama</span> <span class='ocrx_word' id='word_1_57' title='bbox 1421 621 1570 662; x_wconf 84' lang='lat' dir='ltr'>floruit.</span> 
     </span>
     <span class='ocr_line' id='line_1_9' title="bbox 245 686 1572 734; baseline 0.001 -10"><span class='ocrx_word' id='word_1_58' title='bbox 245 699 338 724; x_wconf 91' lang='lat' dir='ltr'>nam</span> <span class='ocrx_word' id='word_1_59' title='bbox 376 700 468 726; x_wconf 89' lang='lat' dir='ltr'>cum</span> <span class='ocrx_word' id='word_1_60' title='bbox 507 686 640 726; x_wconf 90' lang='lat' dir='ltr'>matris</span> <span class='ocrx_word' id='word_1_61' title='bbox 674 701 768 727; x_wconf 90' lang='lat' dir='ltr'>suae</span> <span class='ocrx_word' id='word_1_62' title='bbox 799 689 945 727; x_wconf 91' lang='lat' dir='ltr'>scelere</span> <span class='ocrx_word' id='word_1_63' title='bbox 977 686 1172 726; x_wconf 88' lang='lat' dir='ltr'>amisisset</span> <span class='ocrx_word' id='word_1_64' title='bbox 1211 701 1382 734; x_wconf 90' lang='lat' dir='ltr'>uxorem,</span> <span class='ocrx_word' id='word_1_65' title='bbox 1418 694 1572 726; x_wconf 90' lang='lat' dir='ltr'>tantum</span> 
     </span>
     <span class='ocr_line' id='line_1_10' title="bbox 208 750 1572 804; baseline 0.002 -15"><span class='ocrx_word' id='word_1_66' title='bbox 208 766 225 798; x_wconf 88' lang='lat'>5</span> <span class='ocrx_word' id='word_1_67' title='bbox 245 750 408 790; x_wconf 90' lang='lat' dir='ltr'>indulsit</span> <span class='ocrx_word' id='word_1_68' title='bbox 432 752 570 801; x_wconf 93' lang='lat' dir='ltr'>dolori,</span> <span class='ocrx_word' id='word_1_69' title='bbox 592 759 636 791; x_wconf 94' lang='lat' dir='ltr'>ut</span> <span class='ocrx_word' id='word_1_70' title='bbox 661 766 753 792; x_wconf 88' lang='lat' dir='ltr'>eum</span> <span class='ocrx_word' id='word_1_71' title='bbox 776 752 900 804; x_wconf 90' lang='lat' dir='ltr'>pietas</span> <span class='ocrx_word' id='word_1_72' title='bbox 924 752 1106 792; x_wconf 88' lang='lat' dir='ltr'>vinceret.</span> <span class='ocrx_word' id='word_1_73' title='bbox 1166 766 1214 792; x_wconf 90' lang='lat' dir='ltr'>ex</span> <span class='ocrx_word' id='word_1_74' title='bbox 1236 752 1297 791; x_wconf 91' lang='lat' dir='ltr'>his</span> <span class='ocrx_word' id='word_1_75' title='bbox 1321 753 1403 791; x_wconf 94' lang='lat' dir='ltr'>duo</span> <span class='ocrx_word' id='word_1_76' title='bbox 1429 753 1572 792; x_wconf 91' lang='lat' dir='ltr'>eodem</span> 
     </span>
     <span class='ocr_line' id='line_1_11' title="bbox 244 815 1633 865; baseline 0.001 -11"><span class='ocrx_word' id='word_1_77' title='bbox 244 815 407 856; x_wconf 91' lang='lat' dir='ltr'>nomine</span> <span class='ocrx_word' id='word_1_78' title='bbox 446 817 586 856; x_wconf 92' lang='lat' dir='ltr'>morbo</span> <span class='ocrx_word' id='word_1_79' title='bbox 624 825 786 856; x_wconf 89' lang='lat' dir='ltr'>naturae</span> <span class='ocrx_word' id='word_1_80' title='bbox 822 817 1002 857; x_wconf 91' lang='lat' dir='ltr'>debitum</span> <span class='ocrx_word' id='word_1_81' title='bbox 1040 817 1308 865; x_wconf 90' lang='lat' dir='ltr'>reddiderunt,</span> <span class='ocrx_word' id='word_1_82' title='bbox 1348 816 1483 856; x_wconf 89' lang='lat' dir='ltr'>tertius</span> <span class='ocrx_word' id='word_1_83' title='bbox 1519 817 1573 856; x_wconf 90' lang='lat' dir='ltr'>ab</span> <span class='ocrx_word' id='word_1_84' title='bbox 1595 833 1633 856; x_wconf 91' lang='grc' dir='ltr'>ιο</span> 
     </span>
     <span class='ocr_line' id='line_1_12' title="bbox 244 882 1152 934; baseline 0.002 -14"><span class='ocrx_word' id='word_1_85' title='bbox 244 882 448 921; x_wconf 89' lang='lat' dir='ltr'>Artabano</span> <span class='ocrx_word' id='word_1_86' title='bbox 468 884 667 932; x_wconf 89' lang='lat' dir='ltr'>praefecto</span> <span class='ocrx_word' id='word_1_87' title='bbox 686 884 787 922; x_wconf 91' lang='lat' dir='ltr'>ferro</span> <span class='ocrx_word' id='word_1_88' title='bbox 807 882 1063 934; x_wconf 90' lang='lat' dir='ltr'>interemptus</span> <span class='ocrx_word' id='word_1_89' title='bbox 1083 890 1152 922; x_wconf 89' lang='lat' dir='ltr'>est.</span> 
     </span>
     <span class='ocr_line' id='line_1_13' title="bbox 201 948 1572 999; baseline 0 -11"><span class='ocrx_word' id='word_1_90' title='bbox 201 960 227 988; x_wconf 86' lang='lat'>2</span> <span class='ocrx_word' id='word_1_91' title='bbox 299 948 359 986; x_wconf 88' lang='lat' dir='ltr'>Ex</span> <span class='ocrx_word' id='word_1_92' title='bbox 393 949 665 987; x_wconf 86' lang='lat' dir='ltr'>Macedonum</span> <span class='ocrx_word' id='word_1_93' title='bbox 697 955 830 987; x_wconf 89' lang='lat' dir='ltr'>autem</span> <span class='ocrx_word' id='word_1_94' title='bbox 859 955 976 999; x_wconf 90' lang='lat' dir='ltr'>gente</span> <span class='ocrx_word' id='word_1_95' title='bbox 1006 949 1088 987; x_wconf 93' lang='lat' dir='ltr'>duo</span> <span class='ocrx_word' id='word_1_96' title='bbox 1126 949 1252 988; x_wconf 93' lang='lat' dir='ltr'>multo</span> <span class='ocrx_word' id='word_1_97' title='bbox 1285 955 1435 987; x_wconf 86' lang='lat' dir='ltr'>ceteros</span> <span class='ocrx_word' id='word_1_98' title='bbox 1464 955 1572 988; x_wconf 90' lang='lat' dir='ltr'>ante-</span> 
     </span>
     <span class='ocr_line' id='line_1_14' title="bbox 244 1013 1568 1066; baseline 0.003 -15"><span class='ocrx_word' id='word_1_99' title='bbox 244 1020 445 1052; x_wconf 89' lang='lat' dir='ltr'>cesserunt</span> <span class='ocrx_word' id='word_1_100' title='bbox 464 1026 592 1052; x_wconf 91' lang='lat' dir='ltr'>rerum</span> <span class='ocrx_word' id='word_1_101' title='bbox 612 1021 809 1065; x_wconf 88' lang='lat' dir='ltr'>gestarum</span> <span class='ocrx_word' id='word_1_102' title='bbox 828 1013 970 1065; x_wconf 89' lang='lat' dir='ltr'>gloria:</span> <span class='ocrx_word' id='word_1_103' title='bbox 1004 1014 1220 1065; x_wconf 89' lang='lat' dir='ltr'>Philippus,</span> <span class='ocrx_word' id='word_1_104' title='bbox 1237 1016 1435 1066; x_wconf 89' lang='lat' dir='ltr'>Amyntae</span> <span class='ocrx_word' id='word_1_105' title='bbox 1454 1015 1568 1064; x_wconf 90' lang='lat' dir='ltr'>filius,</span> 
     </span>
     <span class='ocr_line' id='line_1_15' title="bbox 244 1078 1572 1129; baseline 0.003 -14"><span class='ocrx_word' id='word_1_106' title='bbox 244 1083 282 1115; x_wconf 89' lang='lat' dir='ltr'>et</span> <span class='ocrx_word' id='word_1_107' title='bbox 302 1078 527 1117; x_wconf 89' lang='lat' dir='ltr'>Alexander</span> <span class='ocrx_word' id='word_1_108' title='bbox 554 1079 736 1129; x_wconf 88' lang='lat' dir='ltr'>Magnus.</span> <span class='ocrx_word' id='word_1_109' title='bbox 794 1079 935 1118; x_wconf 89' lang='lat' dir='ltr'>horum</span> <span class='ocrx_word' id='word_1_110' title='bbox 962 1079 1059 1118; x_wconf 84' lang='lat' dir='ltr'>alter</span> <span class='ocrx_word' id='word_1_111' title='bbox 1082 1079 1287 1129; x_wconf 83' lang='lat' dir='ltr'>Babylone</span> <span class='ocrx_word' id='word_1_112' title='bbox 1314 1080 1454 1119; x_wconf 88' lang='lat' dir='ltr'>morbo</span> <span class='ocrx_word' id='word_1_113' title='bbox 1479 1094 1572 1119; x_wconf 91' lang='lat' dir='ltr'>con-</span> 
     </span>
     <span class='ocr_line' id='line_1_16' title="bbox 243 1143 1628 1196; baseline 0.003 -16"><span class='ocrx_word' id='word_1_114' title='bbox 243 1149 424 1193; x_wconf 90' lang='lat' dir='ltr'>sumptus</span> <span class='ocrx_word' id='word_1_115' title='bbox 452 1150 521 1191; x_wconf 88' lang='lat' dir='ltr'>est,</span> <span class='ocrx_word' id='word_1_116' title='bbox 552 1143 756 1195; x_wconf 88' lang='lat' dir='ltr'>Philippus</span> <span class='ocrx_word' id='word_1_117' title='bbox 785 1143 919 1195; x_wconf 90' lang='lat' dir='ltr'>Aegiis</span> <span class='ocrx_word' id='word_1_118' title='bbox 947 1157 971 1183; x_wconf 88' lang='lat' dir='ltr'>a</span> <span class='ocrx_word' id='word_1_119' title='bbox 1001 1143 1210 1192; x_wconf 86' lang='lat' dir='ltr'>Pausania,</span> <span class='ocrx_word' id='word_1_120' title='bbox 1228 1158 1320 1183; x_wconf 90' lang='lat' dir='ltr'>cum</span> <span class='ocrx_word' id='word_1_121' title='bbox 1349 1152 1570 1196; x_wconf 88' lang='lat' dir='ltr'>spectatum</span> <span class='ocrx_word' id='word_1_122' title='bbox 1592 1156 1628 1190; x_wconf 84' lang='lat'>¹5</span> 
     </span>
     <span class='ocr_line' id='line_1_17' title="bbox 179 1206 1567 1262; baseline 0.003 -17"><span class='ocrx_word' id='word_1_123' title='bbox 179 1212 222 1245; x_wconf 84' lang='lat'>&#39;2</span> <span class='ocrx_word' id='word_1_124' title='bbox 242 1207 358 1246; x_wconf 90' lang='lat' dir='ltr'>ludos</span> <span class='ocrx_word' id='word_1_125' title='bbox 395 1206 478 1256; x_wconf 92' lang='lat' dir='ltr'>iret,</span> <span class='ocrx_word' id='word_1_126' title='bbox 518 1207 624 1247; x_wconf 90' lang='lat' dir='ltr'>iuxta</span> <span class='ocrx_word' id='word_1_127' title='bbox 661 1209 856 1248; x_wconf 88' lang='lat' dir='ltr'>theatrum</span> <span class='ocrx_word' id='word_1_128' title='bbox 898 1208 1052 1248; x_wconf 87' lang='lat' dir='ltr'>occisus</span> <span class='ocrx_word' id='word_1_129' title='bbox 1089 1216 1158 1248; x_wconf 88' lang='lat' dir='ltr'>est.</span> <span class='ocrx_word' id='word_1_130' title='bbox 1235 1222 1337 1262; x_wconf 86' lang='lat' dir='ltr'>unus</span> <span class='ocrx_word' id='word_1_131' title='bbox 1375 1209 1567 1261; x_wconf 89' lang='lat' dir='ltr'>Epirotes,</span> 
     </span>
     <span class='ocr_line' id='line_1_18' title="bbox 243 1272 1570 1326; baseline 0.005 -17"><span class='ocrx_word' id='word_1_132' title='bbox 243 1272 424 1321; x_wconf 90' lang='lat' dir='ltr'>Pyrrhus,</span> <span class='ocrx_word' id='word_1_133' title='bbox 446 1272 514 1324; x_wconf 94' lang='lat' dir='ltr'>qui</span> <span class='ocrx_word' id='word_1_134' title='bbox 539 1287 631 1313; x_wconf 94' lang='lat' dir='ltr'>cum</span> <span class='ocrx_word' id='word_1_135' title='bbox 657 1275 806 1325; x_wconf 93' lang='lat' dir='ltr'>populo</span> <span class='ocrx_word' id='word_1_136' title='bbox 834 1276 1019 1314; x_wconf 89' lang='lat' dir='ltr'>Romano</span> <span class='ocrx_word' id='word_1_137' title='bbox 1045 1274 1214 1313; x_wconf 86' lang='lat' dir='ltr'>bellavit.</span> <span class='ocrx_word' id='word_1_138' title='bbox 1273 1274 1305 1314; x_wconf 90' lang='lat' dir='ltr'>is</span> <span class='ocrx_word' id='word_1_139' title='bbox 1332 1288 1423 1314; x_wconf 89' lang='lat' dir='ltr'>curn</span> <span class='ocrx_word' id='word_1_140' title='bbox 1442 1277 1570 1326; x_wconf 88' lang='lat' dir='ltr'>Argos</span> 
     </span>
     <span class='ocr_line' id='line_1_19' title="bbox 175 1335 1566 1390; baseline 0.003 -15"><span class='ocrx_word' id='word_1_141' title='bbox 175 1379 177 1381; x_wconf 53' lang='grc'>,</span> <span class='ocrx_word' id='word_1_142' title='bbox 242 1335 434 1387; x_wconf 91' lang='lat' dir='ltr'>oppidum</span> <span class='ocrx_word' id='word_1_143' title='bbox 463 1346 708 1389; x_wconf 88' lang='lat' dir='ltr'>oppugnaret</span> <span class='ocrx_word' id='word_1_144' title='bbox 736 1338 776 1377; x_wconf 91' lang='lat' dir='ltr'>in</span> <span class='ocrx_word' id='word_1_145' title='bbox 806 1340 1094 1390; x_wconf 89' lang='lat' dir='ltr'>Peloponneso,</span> <span class='ocrx_word' id='word_1_146' title='bbox 1119 1339 1250 1390; x_wconf 91' lang='lat' dir='ltr'>lapide</span> <span class='ocrx_word' id='word_1_147' title='bbox 1283 1338 1384 1378; x_wconf 87' lang='lat' dir='ltr'>ictus</span> <span class='ocrx_word' id='word_1_148' title='bbox 1412 1338 1566 1379; x_wconf 91' lang='lat' dir='ltr'>interiit.</span> 
     </span>
     <span class='ocr_line' id='line_1_20' title="bbox 242 1400 1568 1454; baseline 0.002 -15"><span class='ocrx_word' id='word_1_149' title='bbox 242 1413 343 1439; x_wconf 90' lang='lat' dir='ltr'>unus</span> <span class='ocrx_word' id='word_1_150' title='bbox 363 1400 457 1440; x_wconf 91' lang='lat' dir='ltr'>item</span> <span class='ocrx_word' id='word_1_151' title='bbox 478 1401 641 1451; x_wconf 89' lang='lat' dir='ltr'>Siculus,</span> <span class='ocrx_word' id='word_1_152' title='bbox 667 1402 881 1453; x_wconf 90' lang='lat' dir='ltr'>Dionysius</span> <span class='ocrx_word' id='word_1_153' title='bbox 901 1403 1014 1454; x_wconf 89' lang='lat' dir='ltr'>prior.</span> <span class='ocrx_word' id='word_1_154' title='bbox 1072 1416 1165 1441; x_wconf 90' lang='lat' dir='ltr'>nam</span> <span class='ocrx_word' id='word_1_155' title='bbox 1189 1411 1227 1442; x_wconf 90' lang='lat' dir='ltr'>et</span> <span class='ocrx_word' id='word_1_156' title='bbox 1254 1416 1373 1442; x_wconf 90' lang='lat' dir='ltr'>manu</span> <span class='ocrx_word' id='word_1_157' title='bbox 1401 1403 1509 1442; x_wconf 88' lang='lat' dir='ltr'>fortis</span> <span class='ocrx_word' id='word_1_158' title='bbox 1529 1411 1568 1443; x_wconf 92' lang='lat' dir='ltr'>et</span> 
     </span>
     <span class='ocr_line' id='line_1_21' title="bbox 240 1464 1628 1520; baseline 0.003 -17"><span class='ocrx_word' id='word_1_159' title='bbox 240 1464 334 1504; x_wconf 90' lang='lat' dir='ltr'>belli</span> <span class='ocrx_word' id='word_1_160' title='bbox 356 1465 503 1517; x_wconf 87' lang='lat' dir='ltr'>peritus</span> <span class='ocrx_word' id='word_1_161' title='bbox 528 1467 601 1506; x_wconf 91' lang='lat' dir='ltr'>fuit</span> <span class='ocrx_word' id='word_1_162' title='bbox 626 1475 675 1516; x_wconf 91' lang='lat' dir='ltr'>et,</span> <span class='ocrx_word' id='word_1_163' title='bbox 697 1468 738 1507; x_wconf 91' lang='lat' dir='ltr'>id</span> <span class='ocrx_word' id='word_1_164' title='bbox 759 1469 868 1519; x_wconf 91' lang='lat' dir='ltr'>quod</span> <span class='ocrx_word' id='word_1_165' title='bbox 887 1468 927 1506; x_wconf 92' lang='lat' dir='ltr'>in</span> <span class='ocrx_word' id='word_1_166' title='bbox 948 1475 1113 1518; x_wconf 89' lang='lat' dir='ltr'>tyranno</span> <span class='ocrx_word' id='word_1_167' title='bbox 1133 1481 1214 1506; x_wconf 89' lang='lat' dir='ltr'>non</span> <span class='ocrx_word' id='word_1_168' title='bbox 1234 1468 1347 1507; x_wconf 86' lang='lat' dir='ltr'>facile</span> <span class='ocrx_word' id='word_1_169' title='bbox 1366 1468 1564 1520; x_wconf 88' lang='lat' dir='ltr'>reperitur,</span> <span class='ocrx_word' id='word_1_170' title='bbox 1586 1485 1628 1508; x_wconf 64' lang='grc' dir='ltr'>πο</span> 
     </span>
     <span class='ocr_line' id='line_1_22' title="bbox 241 1529 1566 1582; baseline 0.005 -14"><span class='ocrx_word' id='word_1_171' title='bbox 241 1529 404 1570; x_wconf 90' lang='lat' dir='ltr'>minime</span> <span class='ocrx_word' id='word_1_172' title='bbox 445 1531 690 1581; x_wconf 90' lang='lat' dir='ltr'>libidinosus,</span> <span class='ocrx_word' id='word_1_173' title='bbox 726 1547 807 1573; x_wconf 92' lang='lat' dir='ltr'>non</span> <span class='ocrx_word' id='word_1_174' title='bbox 844 1533 1075 1582; x_wconf 89' lang='lat' dir='ltr'>luxuriosus,</span> <span class='ocrx_word' id='word_1_175' title='bbox 1114 1547 1196 1572; x_wconf 92' lang='lat' dir='ltr'>non</span> <span class='ocrx_word' id='word_1_176' title='bbox 1233 1547 1382 1582; x_wconf 88' lang='lat' dir='ltr'>avarus,</span> <span class='ocrx_word' id='word_1_177' title='bbox 1422 1534 1566 1575; x_wconf 87' lang='lat' dir='ltr'>nullius</span> 
     </span>
     <span class='ocr_line' id='line_1_23' title="bbox 240 1595 1566 1651; baseline 0.004 -17"><span class='ocrx_word' id='word_1_178' title='bbox 240 1595 414 1647; x_wconf 91' lang='lat' dir='ltr'>denique</span> <span class='ocrx_word' id='word_1_179' title='bbox 442 1596 497 1636; x_wconf 87' lang='lat' dir='ltr'>rei</span> <span class='ocrx_word' id='word_1_180' title='bbox 526 1597 693 1649; x_wconf 88' lang='lat' dir='ltr'>cupidus</span> <span class='ocrx_word' id='word_1_181' title='bbox 722 1598 796 1637; x_wconf 90' lang='lat' dir='ltr'>nisi</span> <span class='ocrx_word' id='word_1_182' title='bbox 826 1598 1030 1650; x_wconf 88' lang='lat' dir='ltr'>singularis</span> <span class='ocrx_word' id='word_1_183' title='bbox 1059 1598 1317 1650; x_wconf 85' lang='lat' dir='ltr'>perpetuique</span> <span class='ocrx_word' id='word_1_184' title='bbox 1340 1598 1492 1651; x_wconf 91' lang='lat' dir='ltr'>imperii</span> <span class='ocrx_word' id='word_1_185' title='bbox 1512 1601 1566 1640; x_wconf 93' lang='lat' dir='ltr'>ob</span> 
     </span>
     <span class='ocr_line' id='line_1_24' title="bbox 239 1663 1566 1713; baseline 0.004 -14"><span class='ocrx_word' id='word_1_186' title='bbox 239 1673 408 1712; x_wconf 87' lang='lat' dir='ltr'>eamque</span> <span class='ocrx_word' id='word_1_187' title='bbox 428 1675 510 1701; x_wconf 91' lang='lat' dir='ltr'>rem</span> <span class='ocrx_word' id='word_1_188' title='bbox 530 1663 721 1703; x_wconf 89' lang='lat' dir='ltr'>crudelis:</span> <span class='ocrx_word' id='word_1_189' title='bbox 751 1678 843 1702; x_wconf 90' lang='lat' dir='ltr'>narn</span> <span class='ocrx_word' id='word_1_190' title='bbox 870 1665 966 1703; x_wconf 92' lang='lat' dir='ltr'>dum</span> <span class='ocrx_word' id='word_1_191' title='bbox 990 1663 1031 1703; x_wconf 94' lang='lat' dir='ltr'>id</span> <span class='ocrx_word' id='word_1_192' title='bbox 1058 1663 1209 1703; x_wconf 88' lang='lat' dir='ltr'>studuit</span> <span class='ocrx_word' id='word_1_193' title='bbox 1235 1664 1398 1713; x_wconf 89' lang='lat' dir='ltr'>munire,</span> <span class='ocrx_word' id='word_1_194' title='bbox 1420 1665 1566 1705; x_wconf 91' lang='lat' dir='ltr'>nullius</span> 
     </span>
     <span class='ocr_line' id='line_1_25' title="bbox 202 1725 1564 1779; baseline 0.003 -15"><span class='ocrx_word' id='word_1_195' title='bbox 202 1737 220 1769; x_wconf 84' lang='lat'><strong>3</strong></span> <span class='ocrx_word' id='word_1_196' title='bbox 239 1725 415 1776; x_wconf 90' lang='lat' dir='ltr'>pepercit</span> <span class='ocrx_word' id='word_1_197' title='bbox 442 1726 554 1775; x_wconf 87' lang='lat' dir='ltr'>vitae,</span> <span class='ocrx_word' id='word_1_198' title='bbox 581 1741 699 1779; x_wconf 92' lang='lat' dir='ltr'>quem</span> <span class='ocrx_word' id='word_1_199' title='bbox 733 1728 816 1768; x_wconf 92' lang='lat' dir='ltr'>eius</span> <span class='ocrx_word' id='word_1_200' title='bbox 848 1728 1116 1768; x_wconf 89' lang='lat' dir='ltr'>insidiatorem</span> <span class='ocrx_word' id='word_1_201' title='bbox 1147 1736 1310 1779; x_wconf 90' lang='lat' dir='ltr'>putaret.</span> <span class='ocrx_word' id='word_1_202' title='bbox 1380 1729 1445 1768; x_wconf 91' lang='lat' dir='ltr'>hic</span> <span class='ocrx_word' id='word_1_203' title='bbox 1473 1743 1564 1769; x_wconf 89' lang='lat' dir='ltr'>cum</span> 
     </span>
     <span class='ocr_line' id='line_1_26' title="bbox 239 1789 1624 1845; baseline 0.003 -17"><span class='ocrx_word' id='word_1_204' title='bbox 239 1789 380 1830; x_wconf 91' lang='lat' dir='ltr'>virtute</span> <span class='ocrx_word' id='word_1_205' title='bbox 401 1792 646 1842; x_wconf 88' lang='lat' dir='ltr'>tyrannidem</span> <span class='ocrx_word' id='word_1_206' title='bbox 667 1793 741 1832; x_wconf 90' lang='lat' dir='ltr'>sibi</span> <span class='ocrx_word' id='word_1_207' title='bbox 761 1793 985 1844; x_wconf 88' lang='lat' dir='ltr'>peperisset,</span> <span class='ocrx_word' id='word_1_208' title='bbox 1010 1807 1151 1845; x_wconf 89' lang='lat' dir='ltr'>magna</span> <span class='ocrx_word' id='word_1_209' title='bbox 1177 1793 1336 1833; x_wconf 88' lang='lat' dir='ltr'>retinuit</span> <span class='ocrx_word' id='word_1_210' title='bbox 1355 1793 1564 1834; x_wconf 87' lang='lat' dir='ltr'>felicitate:</span> <span class='ocrx_word' id='word_1_211' title='bbox 1584 1808 1624 1842; x_wconf 85' lang='lat'>²5</span> 
     </span>
     <span class='ocr_line' id='line_1_27' title="bbox 239 1855 1561 1910; baseline 0.003 -16"><span class='ocrx_word' id='word_1_212' title='bbox 239 1855 364 1895; x_wconf 91' lang='lat' dir='ltr'>maior</span> <span class='ocrx_word' id='word_1_213' title='bbox 386 1857 492 1896; x_wconf 90' lang='lat' dir='ltr'>enim</span> <span class='ocrx_word' id='word_1_214' title='bbox 517 1871 642 1898; x_wconf 90' lang='lat' dir='ltr'>annos</span> <span class='ocrx_word' id='word_1_215' title='bbox 667 1859 865 1910; x_wconf 87' lang='lat' dir='ltr'>sexaginta</span> <span class='ocrx_word' id='word_1_216' title='bbox 893 1867 1009 1898; x_wconf 88' lang='lat' dir='ltr'>natus</span> <span class='ocrx_word' id='word_1_217' title='bbox 1038 1858 1207 1898; x_wconf 89' lang='lat' dir='ltr'>decessit</span> <span class='ocrx_word' id='word_1_218' title='bbox 1237 1860 1401 1898; x_wconf 89' lang='lat' dir='ltr'>florente</span> <span class='ocrx_word' id='word_1_219' title='bbox 1429 1873 1561 1910; x_wconf 91' lang='lat' dir='ltr'>regno.</span> 
     </span>
     <span class='ocr_line' id='line_1_28' title="bbox 237 1921 1562 1975; baseline 0.003 -16"><span class='ocrx_word' id='word_1_220' title='bbox 237 1933 368 1971; x_wconf 89' lang='lat' dir='ltr'>neque</span> <span class='ocrx_word' id='word_1_221' title='bbox 395 1921 434 1960; x_wconf 90' lang='lat' dir='ltr'>in</span> <span class='ocrx_word' id='word_1_222' title='bbox 462 1929 541 1961; x_wconf 90' lang='lat' dir='ltr'>tam</span> <span class='ocrx_word' id='word_1_223' title='bbox 570 1923 703 1962; x_wconf 89' lang='lat' dir='ltr'>multis</span> <span class='ocrx_word' id='word_1_224' title='bbox 732 1924 845 1963; x_wconf 86' lang='lat' dir='ltr'>annis</span> <span class='ocrx_word' id='word_1_225' title='bbox 872 1923 1104 1974; x_wconf 89' lang='lat' dir='ltr'>cuiusquam</span> <span class='ocrx_word' id='word_1_226' title='bbox 1132 1937 1179 1962; x_wconf 89' lang='lat' dir='ltr'>ex</span> <span class='ocrx_word' id='word_1_227' title='bbox 1205 1937 1276 1963; x_wconf 90' lang='lat' dir='ltr'>sua</span> <span class='ocrx_word' id='word_1_228' title='bbox 1301 1923 1420 1975; x_wconf 90' lang='lat' dir='ltr'>stirpe</span> <span class='ocrx_word' id='word_1_229' title='bbox 1445 1925 1562 1964; x_wconf 90' lang='lat' dir='ltr'>funus</span> 
     </span>
     <span class='ocr_line' id='line_1_29' title="bbox 237 1983 1561 2039; baseline 0.004 -16"><span class='ocrx_word' id='word_1_230' title='bbox 237 1983 346 2033; x_wconf 88' lang='lat' dir='ltr'>vidit,</span> <span class='ocrx_word' id='word_1_231' title='bbox 367 1999 458 2024; x_wconf 89' lang='lat' dir='ltr'>cum</span> <span class='ocrx_word' id='word_1_232' title='bbox 479 2000 526 2025; x_wconf 90' lang='lat' dir='ltr'>ex</span> <span class='ocrx_word' id='word_1_233' title='bbox 546 1987 668 2027; x_wconf 89' lang='lat' dir='ltr'>tribus</span> <span class='ocrx_word' id='word_1_234' title='bbox 688 1988 874 2027; x_wconf 89' lang='lat' dir='ltr'>uxoribus</span> <span class='ocrx_word' id='word_1_235' title='bbox 894 1987 1038 2028; x_wconf 88' lang='lat' dir='ltr'>liberos</span> <span class='ocrx_word' id='word_1_236' title='bbox 1058 1995 1299 2039; x_wconf 88' lang='lat' dir='ltr'>procreasset</span> <span class='ocrx_word' id='word_1_237' title='bbox 1315 1987 1506 2039; x_wconf 90' lang='lat' dir='ltr'>multique</span> <span class='ocrx_word' id='word_1_238' title='bbox 1525 1988 1561 2028; x_wconf 92' lang='lat' dir='ltr'>ei</span> 
     </span>
     <span class='ocr_line' id='line_1_30' title="bbox 237 2048 662 2103; baseline 0.012 -16"><span class='ocrx_word' id='word_1_239' title='bbox 237 2048 318 2088; x_wconf 90' lang='lat' dir='ltr'>nati</span> <span class='ocrx_word' id='word_1_240' title='bbox 338 2058 468 2090; x_wconf 89' lang='lat' dir='ltr'>essent</span> <span class='ocrx_word' id='word_1_241' title='bbox 488 2059 662 2103; x_wconf 89' lang='lat' dir='ltr'>nepotes.</span> 
     </span>
     <span class='ocr_line' id='line_1_31' title="bbox 191 2117 1620 2171; baseline 0 -15"><span class='ocrx_word' id='word_1_242' title='bbox 191 2118 217 2156; x_wconf 87' lang='lat'>3</span> <span class='ocrx_word' id='word_1_243' title='bbox 290 2117 464 2156; x_wconf 90' lang='lat' dir='ltr'>Fuerunt</span> <span class='ocrx_word' id='word_1_244' title='bbox 503 2126 701 2168; x_wconf 83' lang='lat' dir='ltr'>praeterea</span> <span class='ocrx_word' id='word_1_245' title='bbox 748 2118 878 2170; x_wconf 86' lang='lat' dir='ltr'>magni</span> <span class='ocrx_word' id='word_1_246' title='bbox 926 2133 1034 2171; x_wconf 87' lang='lat' dir='ltr'>reges</span> <span class='ocrx_word' id='word_1_247' title='bbox 1081 2133 1128 2159; x_wconf 90' lang='lat' dir='ltr'>ex</span> <span class='ocrx_word' id='word_1_248' title='bbox 1173 2119 1310 2158; x_wconf 88' lang='lat' dir='ltr'>amicis</span> <span class='ocrx_word' id='word_1_249' title='bbox 1346 2119 1559 2167; x_wconf 83' lang='lat' dir='ltr'>Alexandri</span> <span class='ocrx_word' id='word_1_250' title='bbox 1579 2134 1620 2165; x_wconf 83' lang='lat'>30</span> 
     </span>
     <span class='ocr_line' id='line_1_32' title="bbox 237 2180 1558 2235; baseline 0.005 -17"><span class='ocrx_word' id='word_1_251' title='bbox 237 2180 384 2231; x_wconf 90' lang='lat' dir='ltr'>Magni,</span> <span class='ocrx_word' id='word_1_252' title='bbox 424 2182 491 2233; x_wconf 90' lang='lat' dir='ltr'>qui</span> <span class='ocrx_word' id='word_1_253' title='bbox 530 2191 619 2234; x_wconf 88' lang='lat' dir='ltr'>post</span> <span class='ocrx_word' id='word_1_254' title='bbox 656 2184 809 2223; x_wconf 87' lang='lat' dir='ltr'>obitum</span> <span class='ocrx_word' id='word_1_255' title='bbox 848 2184 931 2223; x_wconf 90' lang='lat' dir='ltr'>eius</span> <span class='ocrx_word' id='word_1_256' title='bbox 973 2184 1136 2235; x_wconf 89' lang='lat' dir='ltr'>imperia</span> <span class='ocrx_word' id='word_1_257' title='bbox 1173 2192 1371 2235; x_wconf 90' lang='lat' dir='ltr'>ceperunt,</span> <span class='ocrx_word' id='word_1_258' title='bbox 1411 2183 1452 2223; x_wconf 92' lang='lat' dir='ltr'>in</span> <span class='ocrx_word' id='word_1_259' title='bbox 1499 2185 1558 2224; x_wconf 92' lang='lat' dir='ltr'>his</span> 
     </span>
     <span class='ocr_line' id='line_1_33' title="bbox 280 2285 1557 2329; baseline 0.004 -15"><span class='ocrx_word' id='word_1_260' title='bbox 280 2293 293 2313; x_wconf 94' lang='lat'>1</span> <span class='ocrx_word' id='word_1_261' title='bbox 320 2285 432 2323; x_wconf 83' lang='lat' dir='ltr'>gentis</span> <span class='ocrx_word' id='word_1_262' title='bbox 449 2285 503 2318; x_wconf 81' lang='lat' dir='ltr'>Fr.</span> <span class='ocrx_word' id='word_1_263' title='bbox 525 2285 655 2318; x_wconf 72' lang='lat' dir='ltr'>Richter</span> <span class='ocrx_word' id='word_1_264' title='bbox 835 2298 854 2319; x_wconf 89' lang='lat'><em>2</em></span> <span class='ocrx_word' id='word_1_265' title='bbox 878 2287 1081 2328; x_wconf 88' lang='lat' dir='ltr'>cognomine</span> <span class='ocrx_word' id='word_1_266' title='bbox 1097 2288 1194 2329; x_wconf 77' lang='lat' dir='ltr'>Nipp.</span> <span class='ocrx_word' id='word_1_267' title='bbox 1212 2300 1220 2319; x_wconf 71' lang='grc' dir='ltr'><strong><em>ε</em></strong></span> <span class='ocrx_word' id='word_1_268' title='bbox 1247 2298 1381 2328; x_wconf 84' lang='lat' dir='ltr'>quoque</span> <span class='ocrx_word' id='word_1_269' title='bbox 1397 2287 1557 2320; x_wconf 87' lang='lat' dir='ltr'>ABMP:</span> 
     </span>
    </p>
   </div>
   <div class='ocr_carea' id='block_1_3' title="bbox 232 2326 1560 2414">
    <p class='ocr_par' dir='ltr' id='par_1_3' title="bbox 232 2326 1560 2414">
     <span class='ocr_line' id='line_1_34' title="bbox 232 2326 1560 2365; baseline 0.004 -8"><span class='ocrx_word' id='word_1_270' title='bbox 232 2336 298 2365; x_wconf 89' lang='lat' dir='ltr'>que</span> <span class='ocrx_word' id='word_1_271' title='bbox 329 2326 383 2359; x_wconf 87' lang='lat' dir='ltr'>R:</span> <span class='ocrx_word' id='word_1_272' title='bbox 421 2339 485 2360; x_wconf 88' lang='lat' dir='ltr'>om.</span> <span class='ocrx_word' id='word_1_273' title='bbox 517 2340 540 2361; x_wconf 88' lang='lat' dir='ltr'>u</span> <span class='ocrx_word' id='word_1_274' title='bbox 685 2330 846 2363; x_wconf 89' lang='lat' dir='ltr'>Mnemon</span> <span class='ocrx_word' id='word_1_275' title='bbox 878 2342 922 2362; x_wconf 86' lang='lat' dir='ltr'>u:</span> <span class='ocrx_word' id='word_1_276' title='bbox 964 2331 1121 2362; x_wconf 87' lang='lat' dir='ltr'>Memnon</span> <span class='ocrx_word' id='word_1_277' title='bbox 1153 2331 1250 2362; x_wconf 85' lang='lat' dir='ltr'>MR:</span> <span class='ocrx_word' id='word_1_278' title='bbox 1281 2330 1433 2362; x_wconf 85' lang='lat' dir='ltr'>Mennon</span> <span class='ocrx_word' id='word_1_279' title='bbox 1457 2331 1560 2362; x_wconf 82' lang='lat' dir='ltr'>ABP</span> 
     </span>
     <span class='ocr_line' id='line_1_35' title="bbox 236 2369 1247 2414; baseline 0.005 -14"><span class='ocrx_word' id='word_1_280' title='bbox 236 2379 273 2408; x_wconf 90' lang='lat'>15</span> <span class='ocrx_word' id='word_1_281' title='bbox 297 2369 416 2410; x_wconf 85' lang='lat' dir='ltr'>Aegiis</span> <span class='ocrx_word' id='word_1_282' title='bbox 434 2372 533 2404; x_wconf 73' lang='lat' dir='ltr'>Flecte.</span> <span class='ocrx_word' id='word_1_283' title='bbox 552 2382 559 2404; x_wconf 64' lang='grc' dir='ltr'><strong>ι</strong></span> <span class='ocrx_word' id='word_1_284' title='bbox 584 2372 678 2413; x_wconf 84' lang='lat' dir='ltr'>Egys</span> <span class='ocrx_word' id='word_1_285' title='bbox 695 2374 764 2405; x_wconf 86' lang='grc' dir='ltr'>ΑΡ</span> <span class='ocrx_word' id='word_1_286' title='bbox 892 2384 935 2414; x_wconf 86' lang='lat'>30</span> <span class='ocrx_word' id='word_1_287' title='bbox 959 2375 1050 2405; x_wconf 87' lang='lat' dir='ltr'>multi</span> <span class='ocrx_word' id='word_1_288' title='bbox 1069 2385 1167 2414; x_wconf 84' lang='lat' dir='ltr'>reges</span> <span class='ocrx_word' id='word_1_289' title='bbox 1184 2374 1247 2405; x_wconf 82' lang='lat' dir='ltr'>Mu</span> 
     </span>
    </p>
   </div>
   <div class='ocr_carea' id='block_1_4' title="bbox 1694 0 1746 2445">
    <p class='ocr_par' dir='ltr' id='par_1_4' title="bbox 1694 0 1746 2445">
     <span class='ocr_line' id='line_1_36' title="bbox 1694 0 1746 2445; baseline 0 0"><span class='ocrx_word' id='word_1_290' title='bbox 1694 0 1746 2445; x_wconf 95' lang='lat' dir='ltr'> </span> 
     </span>
    </p>
   </div>
  </div>
 </body>
</html>
