1746 2740
686 131 986 170 ARISTIDES
1438 133 1516 171 ΙΙΙ.
1538 131 1584 173 iii

163 242 364 282 efferretur
405 241 469 281 vix
505 242 714 294 reliquerit.
783 256 865 294 quo
902 244 1050 284 factum
1087 251 1147 285 est
1184 251 1228 286 ut
1267 244 1370 286 filiae
1411 244 1495 286 eius
1520 259 1538 291 3

162 307 324 360 publice
342 309 539 348 alerentur
558 315 597 348 et
617 310 668 350 de
687 309 892 350 communi
911 309 1061 350 aerario
1081 309 1243 351 dotibus
1262 309 1365 351 datis
1380 311 1498 350 collo·

163 381 354 413 carentur.
413 374 583 414 decessit
607 382 742 416 autem
767 376 847 416 fere
876 383 966 426 post
991 389 1141 416 annum
1165 383 1349 428 quartum
1376 389 1497 428 quam

163 439 454 479 Themistocles
483 440 652 481 Athenis
681 448 762 482 erat
791 442 986 493 expulsus.

122 578 141 612 5
217 569 453 608 PAVSANJAS
480 568 823 609 Lacedaemonius
852 582 1017 621 magnus
1043 570 1178 618 homo,
1207 570 1278 609 sed
1304 569 1432 609 varius
1455 569 1495 609 in
1515 578 1533 607 1

163 633 272 673 omni
298 646 440 685 genere
469 633 572 673 vitae
600 634 696 674 fuit:
730 648 823 673 nam
850 643 893 674 ut
915 634 1123 674 virtutibus
1150 635 1280 684 eluxit,
1309 635 1366 675 sic
1393 634 1496 675 vitiis

162 706 222 739 est
250 699 425 738 obrutus.
485 699 601 739 huius
635 700 940 740 illustrissimum
967 708 1027 740 est
1055 700 1249 752 proelium
1275 702 1383 752 apud
1412 702 1497 741 Pla·
1518 714 1534 736 2

163 772 280 804 taeas.
352 777 526 816 namque
572 765 640 805 illo
688 767 791 806 duce
839 766 1084 814 Mardonius,
1136 774 1309 818 satrapes
1355 766 1494 818 regius,

162 829 323 869 natione
354 830 511 879 Medus,
541 830 640 881 regis
669 844 799 882 gener,
830 831 871 870 in
905 831 1040 882 primis
1074 831 1254 871 omnium
1289 834 1495 873 Persarum

104 907 144 931 10
160 903 200 935 et
224 908 343 934 manu
370 895 479 934 fortis
503 903 542 935 et
568 896 722 936 consilii
749 898 900 948 plenus,
923 910 1014 936 cum
1038 908 1088 936 ce
1117 896 1276 936 milibus
1302 897 1492 949 peditum,

160 974 262 1012 quos
288 960 431 1000 viritim
455 963 610 1012 legerat,
636 970 676 1001 et
701 963 763 1001 fi
789 961 968 1013 equitum
994 963 1102 1001 haud
1126 961 1180 1002 ita
1205 975 1349 1013 magna
1374 976 1495 1003 manu

160 1026 350 1066 Graeciae
380 1028 534 1078 fugatus
562 1035 632 1075 est,
659 1041 788 1078 eoque
815 1027 899 1079 ipse
925 1028 1006 1067 dux
1028 1027 1172 1067 cecidit
1195 1027 1356 1079 proelio.
1415 1041 1494 1079 qua
1515 1042 1534 1074 3

160 1092 323 1132 victoria
355 1094 480 1132 elatus
509 1093 677 1144 plurima
711 1093 875 1132 miscere
905 1092 1037 1144 coepit
1066 1100 1105 1132 et
1134 1093 1282 1132 maiora
1310 1093 1496 1145 concupi-

162 1171 280 1197 scere.
339 1159 409 1197 sed
433 1158 603 1209 primum
630 1158 670 1196 in
694 1171 743 1198 eo
766 1165 825 1198 est
849 1159 1120 1210 reprehensus,
1146 1159 1255 1208 quod
1279 1171 1326 1198 ex
1349 1159 1495 1211 praeda

105 1234 141 1266 15
162 1223 358 1274 tripodem
378 1237 541 1264 aureum
564 1223 730 1276 Delphis
754 1223 950 1275 posuisset
970 1223 1251 1275 epigrammate
1274 1223 1430 1275 scripto,
1453 1223 1494 1264 in

161 1301 242 1339 quo
262 1290 360 1329 haec
384 1297 465 1329 erat
485 1289 703 1330 sententia:
733 1302 806 1329 suo
829 1289 953 1328 ductu
977 1289 1165 1328 barbaros
1187 1289 1295 1340 apud
1316 1290 1494 1329 Plataeas

160 1367 247 1394 esse
267 1355 418 1395 deletos
442 1355 606 1407 eiusque
626 1354 811 1395 victoriae
835 1368 927 1405 ergo
947 1354 1125 1405 Apollini
1148 1355 1302 1394 donum
1321 1354 1490 1395 dedisse.

161 1420 233 1459 hos
253 1434 386 1460 versus
408 1419 714 1461 Lacedaemonii
738 1421 1036 1471 exsculpserunt
1055 1432 1187 1470 neque
1205 1419 1314 1458 aliud
1333 1419 1494 1471 scripse-
1513 1437 1533 1467 4

160 1493 250 1525 runt
270 1499 389 1537 quam
414 1485 577 1526 nomina
599 1499 734 1526 earum
758 1485 972 1532 civitatum,
995 1498 1162 1537 quarum
1185 1484 1331 1525 auxilio
1351 1486 1493 1525 Persae

103 1560 143 1584 20
161 1559 270 1591 erant
290 1551 392 1592 victi.

215 1619 309 1657 Post
338 1617 379 1657 id
408 1617 600 1669 proelium
634 1618 807 1657 eundem
842 1615 1078 1656 Pausaniam
1107 1629 1198 1655 cum
1229 1617 1354 1655 classe
1386 1629 1493 1655 com·
1510 1626 1535 1656 2

162 1682 270 1721 muni
309 1683 484 1734 Cyprum
525 1691 644 1734 atque
687 1684 996 1733 Hellespontum
1035 1681 1235 1729 miserunt,
1276 1688 1320 1720 ut
1361 1694 1408 1720 ex
1446 1681 1492 1720 iis

161 1746 386 1796 regionibus
410 1748 664 1787 barbarorum
692 1747 886 1798 praesidia
912 1747 1136 1797 depelleret.
1196 1745 1278 1796 pari
1307 1746 1492 1785 felicitate
1513 1758 1529 1781 2

163 1811 201 1850 in
229 1825 275 1851 ea
302 1826 341 1851 re
368 1808 626 1852 usus'elatius
655 1826 697 1852 se
719 1826 852 1863 gerere
879 1811 1010 1862 coepit
1038 1810 1284 1862 maioresque
1306 1818 1492 1862 appetere

104 1887 143 1920 25
164 1890 233 1916 res.
304 1891 394 1916 nam
433 1891 524 1917 cum
565 1878 754 1928 Byzantio
796 1885 1020 1928 expugnato
1058 1876 1227 1927 cepisset
1269 1878 1492 1927 complures

165 1944 367 1982 Persarum
397 1943 551 1983 nobiles
577 1951 695 1994 atque
720 1943 760 1982 in
787 1943 848 1982 his
872 1944 1086 1982 nonnullos
1111 1941 1210 1993 regis
1234 1941 1488 1993 propinquos,

162 2009 235 2047 hos
263 2010 364 2047 clam
399 2009 516 2048 Xerxi
546 2008 704 2056 remisit,
736 2008 925 2047 simulans
955 2021 1003 2047 ex
1031 2007 1169 2047 vinclis
1203 2007 1371 2058 publicis
1399 2009 1492 2047 effu-

159 2073 271 2124 gisse,
298 2082 336 2113 et
369 2088 460 2113 cum
488 2074 547 2112 his
577 2075 802 2124 Gongylum
835 2073 1110 2120 Eretriensem‚
1135 2072 1203 2123 qui
1229 2073 1374 2112 litteras
1412 2072 1491 2123 regi

161 2141 352 2187 redderet,
371 2139 409 2178 in
430 2139 574 2190 quibus
595 2141 693 2178 haec
709 2139 827 2178 fuisse
842 2138 986 2189 scripta
1005 2138 1262 2188 Thucydides
1278 2137 1491 2177 memoriae

103 2219 144 2250 30
162 2205 357 2255 prodidit:
398 2204 646 2252 ‘Pausanias,
677 2206 758 2243 dux
787 2205 957 2254 Spartae,
994 2216 1095 2254 quos
1126 2203 1286 2254 Byzanti
1320 2211 1488 2254 ceperat,
1510 2213 1528 2244 3

209 2319 241 2340 11
271 2310 318 2340 H
342 2308 462 2342 APR:
501 2309 618 2348 uiginti
645 2307 735 2339 Dan.
766 2308 818 2339 Bt
853 2307 975 2347 uiginti
1004 2307 1135 2338 milibus
1161 2305 1199 2337 M
1218 2306 1291 2338 dett.
1452 2317 1488 2347 14

160 2354 250 2392 quod
268 2364 290 2384 u
305 2357 334 2384 et
348 2352 420 2384 dett.
440 2364 447 2384 :
470 2354 560 2393 quod
577 2362 653 2384 cum
673 2351 868 2383 ABMPR:
903 2361 977 2381 cum
1005 2350 1103 2391 Nipp.
1264 2360 1301 2390 15
1325 2350 1490 2391 inscripto

160 2396 246 2427 codd.
270 2396 343 2428 Vnt.
358 2406 452 2436 3170,
470 2398 515 2427 sic
529 2396 632 2437 uulgo
647 2395 749 2427 edunt
877 2396 919 2425 28
942 2394 1143 2426 Cretensem
1172 2393 1245 2424 MR

204 2472 306 2494 com«.
329 2472 404 2495 ΝεΡ.
1383 2463 1403 2492 2
