1746 2740
766 152 910 192 DION
1493 153 1543 191 X.
1565 162 1596 189 v

174 267 280 301 ratus
306 261 506 301 neminem
534 262 619 303 sine
650 262 802 314 magnis
831 263 957 315 copiis
984 265 1036 303 ad
1062 277 1104 303 se
1127 271 1348 303 venturum.
1407 276 1510 314 quae

174 339 234 366 res
264 340 356 366 eum
391 327 539 370 fefellit.
596 342 688 367 nam
723 328 830 368 Dion
865 328 911 368 iis
946 328 1051 381 ipsis,
1087 328 1156 380 qui
1186 329 1262 368 sub
1298 327 1509 368 adversarii
1530 346 1548 378 5

174 394 326 432 fuerant
364 401 570 444 potestate,
604 394 731 445 regios
769 394 927 446 spiritus
965 394 1148 446 repressit
1186 394 1386 445 totiusque
1425 393 1508 432 eius

173 458 292 508 partis
313 458 468 499 Siciliae
487 459 636 510 potitus
656 467 726 508 est,
745 474 848 511 quae
868 461 943 500 sub
958 460 1140 512 Dionysii
1156 462 1281 500 fuerat
1300 466 1505 512 potestate,

134 540 151 571 5
172 523 335 574 parique
355 526 478 564 modo
498 525 606 564 urbis
635 527 915 576 Syracusarum
936 534 1090 578 praeter
1117 539 1247 566 arcem
1275 533 1314 566 et
1338 525 1507 564 insulam

172 588 399 629 adiunctam
424 590 585 641 oppido,
608 605 738 643 eoque
766 606 849 631 rem
874 591 1066 643 perduxit,
1089 599 1132 631 ut
1156 591 1300 631 talibus
1319 590 1509 642 pactioni·
1526 597 1547 629 6

173 655 248 694 bus
274 669 412 707 pacem
441 664 628 707 tyrannus
655 659 783 698 facere
803 660 944 698 vellet:
974 657 1147 698 Siciliam
1170 657 1277 696 Dion
1298 656 1508 705 obtineret,

175 719 330 759 Italiam
362 720 588 772 Dionysius,
620 724 831 773 Syracusas
865 724 1151 775 Apollocrates,
1191 721 1255 761 cui
1294 720 1506 760 maximam

173 786 294 825 fidem
315 785 383 824 uni
405 787 578 826 habebat
601 787 719 827 Dion.

115 867 154 890 ιο
228 852 315 890 Has
344 859 423 890 tam
453 866 659 904 prosperas
689 861 851 905 tamque
874 853 1097 905 inopinatas
1124 867 1184 893 res
1210 859 1425 892 consecuta
1448 858 1506 891 est
1524 854 1553 894 6

171 915 301 955 subita
321 918 591 967 commutatio,
611 921 720 970 quod
741 921 897 959 fortuna
913 933 984 959 sua
999 918 1230 967 mobilitate,
1248 931 1366 969 quem
1388 918 1508 968 paulo

170 989 262 1021 ante
291 984 490 1031 extulerat,
519 985 747 1036 demergere
776 992 835 1024 est
863 986 1012 1025 adorta.
1071 984 1242 1036 primum
1272 982 1311 1021 in
1341 982 1437 1031 filio,
1457 983 1508 1022 de
1529 998 1544 1019 2

170 1061 251 1098 quo
280 1049 589 1088 commemoravi
618 1064 746 1101 supra,
779 1064 890 1090 suam
920 1050 1000 1089 vim
1030 1048 1212 1089 exercuit.
1284 1061 1377 1087 nam
1415 1061 1507 1087 cum

171 1127 332 1153 uxorem
357 1115 585 1164 reduxisset,
609 1130 711 1167 quae
739 1116 805 1155 alii
829 1118 953 1155 fuerat
977 1115 1129 1163 tradita,
1159 1114 1365 1165 filiumque
1391 1115 1508 1154 vellet

115 1194 151 1228 ¹5
172 1193 354 1219 revocare
374 1181 425 1220 ad
446 1180 627 1220 virtutem
649 1196 673 1220 a
701 1182 854 1233 perdita
877 1182 1038 1230 luxuria,
1061 1180 1214 1232 accepit
1233 1179 1506 1231 gravissimum

172 1258 312 1296 parens
339 1247 481 1285 vulnus
512 1255 638 1287 morte
668 1247 746 1286 filii.
805 1247 952 1287 deinde
981 1254 1066 1286 orta
1095 1245 1290 1286 dissensio
1318 1251 1378 1284 est
1406 1243 1508 1284 inter
1528 1259 1546 1291 3

171 1325 261 1350 eum
292 1319 331 1351 et
362 1312 632 1361 Heraclidem,
655 1313 735 1364 qui,
758 1314 867 1364 quod
897 1313 934 1352 ei
963 1311 1227 1364 principatum
1256 1324 1338 1350 non
1367 1323 1508 1350 conce-

170 1377 301 1424 debat,
325 1377 537 1418 factionem
560 1378 813 1430 comparavit.
871 1391 1002 1429 neque
1022 1377 1055 1416 is
1075 1376 1207 1416 minus
1222 1376 1379 1415 valebat
1398 1377 1506 1427 apud

170 1443 394 1494 optimates,
433 1458 600 1496 quorum
641 1458 837 1483 consensu
876 1450 1052 1494 praeerat
1090 1441 1218 1491 classi,
1255 1455 1347 1481 cum
1397 1440 1505 1480 Dion

111 1523 152 1545 20
170 1509 382 1549 exercitum
410 1512 633 1562 pedestrem
665 1516 824 1549 teneret.
884 1522 965 1548 non
993 1508 1081 1548 tulit
1107 1509 1184 1547 hoc
1210 1506 1346 1546 animo
1374 1520 1504 1557 aequo
1523 1521 1545 1553 4

171 1574 288 1623 Dion,
307 1583 346 1615 et
358 1590 514 1616 versum
535 1576 646 1615 illum
669 1574 837 1615 Homeri
857 1574 1004 1614 rettulit
1017 1588 1064 1614 ex
1083 1575 1259 1613 secunda
1279 1571 1501 1631 rhapsodia,

168 1638 208 1678 in
228 1654 309 1691 quo
329 1641 427 1681 haec
441 1642 637 1682 sententia
652 1650 710 1681 est
727 1657 734 1680 z
764 1655 845 1680 non
859 1654 975 1691 posse
991 1640 1094 1680 bene
1108 1638 1189 1691 geri
1204 1652 1286 1678 rem
1302 1637 1503 1689 publicam

168 1706 381 1745 multorum
403 1706 586 1758 imperiis.
657 1707 768 1758 quod
788 1706 940 1745 dictum
961 1694 1102 1756 magua
1122 1703 1270 1743 invidia
1290 1710 1503 1742 consecuta

167 1778 226 1809 est
242 1787 249 1811 ε
279 1785 453 1824 namque
467 1772 667 1824 aperuisse
687 1772 896 1812 videbatur
911 1770 1046 1810 omnia
1060 1769 1100 1808 in
1121 1783 1192 1809 sua
1206 1776 1401 1820 potestate
1417 1782 1503 1808 esse

110 1849 147 1882 25
166 1838 276 1876 velle.
336 1839 439 1878 hanc
462 1838 527 1878 ille
556 1852 637 1877 non
661 1837 784 1878 lenire
813 1836 1019 1887 obsequio,
1042 1836 1111 1875 sed
1135 1834 1349 1874 acerbitate
1375 1833 1503 1885 oppri-
1521 1850 1539 1882 5

168 1915 275 1941 mere
321 1896 483 1951 studuit,
525 1903 873 1954 Heraclidemque‚
922 1915 1013 1941 cum
1061 1902 1271 1951 Syracusas
1317 1899 1499 1948 venisset,

166 1965 487 2009 interficiundum
509 1969 691 2016 curavit..

222 2034 343 2082 Quod
367 2035 513 2074 factum
535 2034 722 2074 omnibus
750 2033 966 2074 maximum
991 2032 1174 2073 timorem
1195 2031 1351 2071 iniecit:
1382 2045 1501 2071 nemo
1520 2039 1543 2079 7

166 2097 272 2137 enim
293 2098 361 2138 illo
381 2098 587 2139 interfecto
608 2114 649 2138 se
663 2106 790 2138 tutum
813 2086 989 2150 putabat.
1049 2098 1114 2137 ille
1126 2105 1258 2137 autem
1279 2095 1501 2136 adversario

107 2174 148 2205 30
166 2171 319 2203 remoto
349 2164 531 2203 licentius
569 2178 706 2203 eorum
746 2164 863 2213 bona,
903 2178 1005 2215 quos
1048 2163 1197 2203 sciebat
1234 2162 1420 2200 adversus
1459 2174 1501 2200 se

166 2229 344 2277 sensisse,
368 2229 558 2269 militibus
578 2229 808 2280 dispertivit.
868 2230 1013 2281 quibus
1033 2228 1168 2269 divisis
1193 2240 1282 2267 cum
1310 2225 1499 2266 cotidiani
1520 2240 1535 2262 2

209 2342 231 2372 9
256 2333 361 2375 Dion]
389 2333 579 2373 Dionysius
598 2332 744 2365 Lamb.:
779 2332 894 2364 deleuit
916 2332 1129 2374 Heusinger:
1160 2330 1311 2363 exendssse
1332 2329 1498 2371 quaedam

166 2377 348 2418 suspicatus
362 2380 409 2408 est
422 2376 518 2419 Nipp.
658 2387 695 2417 17
720 2377 775 2418 qui
793 2377 883 2417 quod
901 2377 933 2408 ei
950 2376 1049 2408 Fleck.
1069 2387 1077 2407 :
1099 2375 1158 2416 qui
1174 2375 1264 2415 quod
1281 2374 1316 2406 R
1331 2378 1360 2406 et
1372 2373 1472 2416 thp.
1491 2384 1499 2406 :

167 2419 223 2459 qui
239 2419 376 2461 quidem
387 2420 476 2453 codd.
612 2432 650 2453 21
680 2420 839 2463 Homeri]
858 2420 985 2452 homini
1001 2419 1106 2452 ABP
