1746 2740
64 95 75 106 ο
136 128 286 167 XXIV.
309 127 339 166 ii
617 127 870 168 CORNELI
901 127 1141 168 NEPOTIS

219 238 481 290 principatum
510 238 548 278 in
580 238 736 278 civitate
765 237 970 298 obtineret,
993 240 1103 290 quod
1132 246 1216 278 tum
1245 252 1326 279 non
1355 239 1544 291 potentia,

219 305 290 344 sed
323 303 406 344 iure
439 317 499 343 res
531 303 692 355 publica
723 302 1080 343 administrabatur.
1153 317 1232 355 qua
1264 318 1311 344 ex
1348 318 1389 344 re
1426 304 1546 344 iratus

181 382 199 414 3
219 376 357 408 senatu
376 370 574 408 consulatu
593 376 753 420 peracto
776 368 947 420 privatus
971 368 1012 407 in
1037 368 1135 408 urbe
1158 368 1312 408 mansit.
1370 377 1410 408 at
1430 370 1544 418 Cato,

218 446 359 473 censor
386 447 478 473 cum
507 434 650 473 eodem
680 435 824 473 Flacco
852 434 988 482 factus,
1020 447 1153 473 severe
1181 433 1347 485 praefuit
1374 433 1411 473 ei
1438 441 1546 486 pote-

219 498 318 538 stati.
376 512 469 537 nam
495 506 534 538 et
559 498 600 537 in
627 499 850 550 complures
870 497 1024 538 nobiles
1043 498 1319 539 animadvertit
1338 506 1377 538 et
1403 500 1546 538 multas
1565 514 1583 547 5

200 578 279 604 *res
308 570 442 603 novas'
459 563 499 602 in
527 563 700 621 edictum
726 563 895 612 addidit,
915 577 994 615 qua
1019 577 1060 604 re
1086 563 1237 603 luxuria
1261 563 1545 615 reprimeretur,

180 645 199 676 4
221 643 322 680 quae
342 629 419 668 iarn
441 637 524 668 tum
545 629 758 680 incipiebat
778 630 978 680 pullulare.
1017 628 1169 669 circiter
1187 643 1314 669 annos
1333 628 1545 680 octoginta,

221 707 346 745 usque
374 695 426 733 ad
454 702 667 734 extremam
696 702 866 734 aetatem
894 695 946 733 ab
974 694 1254 746 adulescentia,
1282 694 1336 734 rei
1365 694 1547 746 publicae
1591 718 1594 722 ⁴

219 773 338 799 causa
366 759 563 811 suscipere
591 759 814 799 inimicitias
842 773 925 800 non
953 759 1113 800 destitit.
1172 773 1196 799 a
1216 759 1348 799 multis
1374 766 1547 799 tentatus

158 837 168 842 ’
220 838 302 864 non
335 826 458 865 modo
491 826 643 864 nullum
676 825 957 865 detrimentum
992 825 1291 864 existimationis
1324 824 1430 874 fecit,
1462 826 1547 874 sed,
1568 839 1608 863 ιο

220 891 354 940 quoad
374 889 477 937 vixit,
498 889 685 929 virtutum
706 891 823 930 laude
842 890 973 930 crevit.

173 968 197 1004 3
275 956 324 994 In
353 954 538 993 omnibus
567 955 683 994 rebus
713 954 897 1006 singulari
926 955 998 994 fuit
1027 955 1238 995 industria:
1271 968 1362 994 nam
1390 962 1428 994 et
1453 953 1548 1005 agri-

220 1021 307 1058 cola
335 1021 469 1059 sollers
499 1027 538 1059 et
565 1019 724 1082 peritus·
741 1019 833 1058 iuris
853 1021 1056 1059 consultus
1079 1028 1119 1059 et
1146 1034 1311 1071 magnus
1338 1019 1549 1071 imperator

183 1099 197 1121 2
220 1092 258 1124 et
277 1084 491 1135 probabilis
511 1092 641 1124 orator
660 1092 698 1124 et
718 1083 997 1136 cupidissimus
1016 1085 1229 1124 litterarum
1250 1085 1332 1124 fuit.
1382 1098 1547 1136 quarum

220 1149 394 1189 studium
423 1149 495 1189 etsi
525 1149 656 1189 senior
689 1150 912 1201 arripuerat,
944 1158 1076 1190 tamen
1111 1158 1264 1189 tantum
1300 1163 1546 1201 progressum
1571 1163 1606 1196 ¹⁵

220 1214 322 1262 fecit,
344 1222 387 1253 ut
416 1228 496 1254 non
527 1215 640 1255 facile
669 1215 825 1266 reperiri
855 1215 978 1266 possit
1002 1229 1132 1267 neque
1155 1217 1206 1255 de
1230 1215 1391 1255 Graecis
1417 1228 1548 1266 neque

183 1292 200 1323 5
220 1281 271 1319 de
303 1280 450 1320 Italicis
484 1281 612 1329 rebus,
648 1282 757 1331 quod
791 1280 827 1320 ei
860 1281 975 1320 fuerit
1005 1281 1261 1332 incognitum.
1333 1281 1386 1320 ab
1417 1281 1549 1320 adule-

221 1345 371 1384 scentia
403 1345 574 1384 confecit
603 1345 810 1384 orationes.
869 1359 989 1385 senex
1021 1345 1202 1385 historias
1241 1345 1409 1385 scribere
1443 1344 1548 1383 insti-

221 1410 304 1450 tuit.
377 1425 510 1450 earum
550 1418 641 1450 sunt
674 1410 762 1450 libri
794 1423 863 1449 vn.
934 1411 1082 1462 primus
1116 1410 1292 1450 continet
1326 1424 1387 1450 res
1419 1418 1548 1461 gestas

220 1489 354 1526 regum
385 1475 520 1527 populi
551 1475 735 1522 Romani,
768 1477 966 1515 secundus
995 1483 1034 1515 et
1063 1475 1197 1515 tertius
1230 1476 1337 1514 unde
1366 1488 1547 1526 quaeque
1569 1487 1608 1511 20

221 1540 357 1580 civitas
399 1549 483 1580 orta
526 1540 575 1580 sit
621 1541 769 1589 Italica,
809 1542 863 1580 ob
907 1555 1026 1592 quam
1066 1555 1147 1580 rem
1189 1554 1328 1580 omnes
1367 1539 1548 1591 Origines

221 1606 374 1647 videtur
410 1609 638 1658 appellasse.
716 1607 756 1646 in
795 1615 935 1658 quarto
972 1615 1105 1647 autem
1144 1607 1291 1647 bellum
1331 1605 1547 1646 Poenicum
1569 1622 1578 1630 ·

182 1690 200 1721 4
221 1680 279 1711 est
306 1671 487 1723 primum,
510 1672 549 1711 in
578 1672 720 1723 quinto
745 1674 976 1712 secundum.
1034 1681 1154 1724 atque
1177 1674 1275 1712 haec
1295 1671 1430 1711 omnia
1448 1670 1549 1722 capi-

221 1737 374 1776 tulatim
401 1745 492 1776 sunt
518 1736 634 1776 dicta.
693 1737 921 1788 reliquaque
949 1738 1052 1777 bella
1071 1737 1152 1789 pari
1180 1739 1301 1777 modo
1321 1743 1548 1788 persecutus

221 1811 279 1842 est
299 1817 423 1853 usque
443 1804 494 1842 ad
514 1810 734 1854 praeturam
756 1805 834 1842 Ser.
859 1804 1021 1851 Galbae,
1045 1803 1110 1854 qui
1132 1802 1292 1854 diripuit
1315 1801 1548 1841 Lusitanos:
1569 1816 1609 1848 25

221 1877 339 1919 atque
368 1869 509 1907 horum
539 1867 732 1907 bellorum
763 1869 884 1907 duces
914 1882 995 1907 non
1024 1867 1252 1914 nominavit,
1275 1868 1346 1906 sed
1374 1866 1459 1906 sine
1482 1879 1550 1904 no-

223 1932 396 1972 minibus
430 1946 490 1971 res
523 1932 683 1970 notavit.
743 1932 782 1970 in
817 1932 966 1971 eisdem
995 1932 1190 1983 exposuit,
1227 1945 1328 1983 quae
1362 1931 1401 1970 in
1437 1929 1550 1970 Italia

225 1997 510 2048 Hispaniisque
535 2005 602 2036 aut
630 1999 766 2036 fierent
792 2005 858 2036 aut
879 1998 1104 2037 viderentur
1122 1997 1378 2037 admiranda:
1407 1996 1446 2034 in
1468 1995 1549 2047 qui-

224 2063 298 2101 bus
318 2064 441 2101 multa
460 2062 651 2102 industria
671 2070 709 2102 et
729 2062 931 2114 diligentia
951 2071 1163 2114 comparet,
1186 2065 1293 2102 n-ulla
1312 2061 1500 2102 doctrina.

186 2144 203 2175 5
279 2127 411 2166 Huius
445 2128 495 2166 de
529 2127 607 2166 vita
640 2135 679 2166 et
712 2127 887 2167 moribus
920 2130 1032 2178 plura
1064 2128 1105 2166 in
1140 2141 1188 2167 eo
1220 2127 1321 2166 libro
1354 2123 1547 2177 persecuti
1565 2138 1607 2172 30

268 2242 288 2271 3
306 2231 483 2263 consulatu
500 2231 577 2263 add.
600 2231 718 2262 Bose'us
841 2242 880 2271 13
904 2232 1035 2273 peritus
1052 2231 1173 2263 Klotz:
1196 2231 1243 2263 rei
1260 2241 1292 2271 p.
1314 2229 1442 2271 peritus
1459 2227 1547 2260 codd.

226 2286 266 2314 24
287 2275 415 2314 reliqua
439 2285 572 2315 quoque
593 2273 755 2315 Wagfflin:
781 2275 912 2316 reliqua
931 2277 1011 2316 (om.
1033 2275 1111 2316 que)
1129 2274 1248 2316 Lupus
1388 2283 1432 2313 30
1453 2273 1552 2313 plura

225 2320 267 2349 de
284 2319 353 2349 uita
368 2323 399 2350 et
416 2329 457 2350 m.
481 2319 579 2349 huius
596 2318 766 2358 persecuti
783 2328 898 2350 sumus
917 2319 951 2350 in
968 2319 1054 2351 libro
1070 2329 1168 2359 quem
1189 2328 1215 2350 s.
1235 2318 1277 2349 de
1294 2327 1334 2349 eo
1351 2317 1493 2349 fecimus
1509 2314 1551 2355 P,

226 2362 329 2402 quiin
345 2362 423 2392 haec
436 2361 531 2393 uerba
547 2361 651 2402 deficit
