1746 2740
147 131 306 174 XXIII.
329 135 376 173 xi
628 135 884 176 CORNELI
912 135 1152 176 NEPOTIS

229 247 404 299 utrisque
440 246 481 286 in
513 246 707 299 proelium
739 246 958 287 deducitur.
1016 260 1182 300 quarum
1214 247 1300 288 acie
1331 247 1555 296 constituta,

230 311 458 364 priusquam
501 312 657 363 signum
694 325 851 364 pugnae
887 313 1054 360 daretur,
1095 312 1315 362 Hannibal,
1346 320 1391 352 ut
1427 313 1557 364 palam

231 378 375 417 faceret
393 377 485 433 suis,
506 391 588 429 quo
612 378 704 417 loco
731 379 932 417 Eumenes
950 385 1064 425 esset,
1085 377 1330 417 tabellarium
1350 377 1390 417 in
1411 379 1559 430 scapha

194 458 210 479 π
231 456 322 481 cum
341 444 519 482 caduceo
545 442 674 482 mittit.
733 441 802 494 qui
828 442 897 482 ubi
922 443 975 482 ad
1000 456 1121 482 naves
1145 442 1454 483 adversariorum
1474 455 1559 494 per-

229 507 337 546 venit
361 507 650 559 epistulamque
677 508 892 547 ostendens
919 521 962 547 se
986 521 1117 559 regem
1144 509 1343 559 professus
1362 515 1422 548 <st
1440 521 1557 560 quae-
1575 526 1595 559 5

229 586 324 620 rere,
344 571 475 611 statim
501 573 554 611 ad
578 574 802 612 Eumenem
827 573 1025 612 deductus
1044 579 1114 620 est,
1136 573 1246 624 quod
1265 586 1386 612 nemo
1404 572 1558 612 dubita-

229 637 297 676 bat
322 636 418 688 quin
442 635 595 687 aliquid
613 637 666 676 de
685 650 783 688 pace
802 644 906 676 esset
931 636 1131 688 scriptum.
1191 636 1422 676 tabellarius
1444 636 1557 676 ducis

228 715 328 741 nave
347 703 544 741 declarata
572 701 653 741 suis
681 703 838 750 eodem,
858 703 968 741 unde
995 709 1078 741 erat
1105 715 1294 753 egressus,
1325 715 1368 741 se
1396 702 1554 754 recepit.

191 782 210 813 3
226 774 268 806 at
288 768 489 806 Eumenes
507 769 638 807 soluta
655 766 824 818 epistula
841 766 939 806 nihil
963 766 1004 806 in
1030 781 1077 806 ea
1101 766 1270 818 repperit
1289 766 1363 806 nisi
1384 781 1486 819 quae
1503 768 1556 807 ad

202 831 471 872 ‘irridendum
490 846 583 872 eum
603 832 855 883 pertinerent.
912 832 1024 872 cuius
1053 832 1125 871 etsi
1154 846 1313 872 causam
1344 832 1558 872 mirabatur
1577 849 1618 873 ιο

227 911 360 948 neque
386 897 616 948 reperiebat,
648 904 782 937 tamen
810 897 1003 949 proelium
1035 897 1165 936 statim
1196 897 1443 937 committere
1473 911 1555 937 non

189 983 210 1012 4
228 962 432 1002 dubitavit.
490 963 635 1002 horum
667 962 708 1001 in
739 976 935 1002 concursu
970 962 1143 1014 Bithynii
1180 962 1418 1002 Hannibalis
1449 977 1556 1014 prae-

227 1034 346 1078 cepto
376 1026 547 1067 universi
579 1041 723 1066 navem
755 1027 948 1067 Eumenis
975 1027 1216 1066 adoriuntur.
1275 1041 1444 1078 quorum
1475 1027 1554 1066 vim

226 1105 293 1131 rex
326 1106 417 1132 cum
447 1092 641 1133 sustinere
673 1106 756 1132 non
789 1100 935 1144 posset,
968 1093 1060 1144 fuga
1092 1094 1259 1132 salutem
1293 1092 1401 1144 petit,
1434 1106 1554 1144 quam

226 1166 464 1197 consecutus
483 1172 565 1198 non
591 1165 705 1205 esset,
728 1157 803 1196 nisi
826 1157 927 1197 intra
946 1171 1017 1197 sua
1035 1157 1230 1208 praesidia
1258 1171 1301 1197 se
1330 1157 1553 1209 recepisset,
1577 1174 1590 1197 ι
1596 1175 1615 1208 5

190 1236 207 1267 5
227 1236 329 1272 quae
348 1222 388 1261 in
408 1222 588 1274 proximo
602 1222 716 1262 litore
731 1230 841 1261 erant
856 1224 1059 1262 collocata.
1100 1222 1273 1274 reliquae
1290 1224 1555 1274 Pergamenae

226 1301 346 1327 naves
383 1301 475 1326 cum
508 1287 752 1327 adversarios
785 1295 1009 1339 premerent
1041 1287 1180 1335 acrius,
1217 1295 1379 1338 repente
1412 1287 1454 1327 in
1487 1301 1555 1327 eas

225 1365 318 1392 vasa
349 1351 495 1401 fictilia,
527 1354 579 1392 de
612 1352 756 1404 quibus
787 1366 904 1404 supra
939 1352 1182 1392 mentionem
1213 1352 1389 1401 fecimus,
1425 1352 1554 1392 conici

225 1426 368 1469 coepta
394 1426 498 1458 sunt.
555 1432 658 1469 quae
680 1417 783 1457 iacta
805 1417 918 1457 initio
945 1417 1064 1456 risum
1085 1417 1353 1469 pugnantibus
1383 1417 1553 1457 concita-

187 1490 206 1521 6
225 1490 327 1532 runt,
359 1496 490 1534 neque
527 1497 648 1534 quare
680 1481 722 1522 id
759 1483 869 1522 fieret
906 1490 1059 1534 poterat
1097 1481 1281 1534 intellegi.
1339 1490 1550 1534 postquam
1573 1499 1614 1522 20

223 1556 357 1588 autem
385 1562 506 1588 naves
531 1562 621 1587 suas
644 1549 824 1599 oppletas
850 1555 1139 1599 conspexerunt
1168 1547 1428 1599 serpentibus,
1449 1561 1552 1587 nova

223 1628 265 1653 re
291 1613 494 1666 perterriti,
515 1627 620 1661 cum,
639 1612 738 1664 quid
766 1612 1017 1665 potissimum
1043 1613 1220 1661 vitarent,
1250 1627 1331 1652 non
1359 1612 1548 1661 viderent,

224 1693 377 1730 puppes
404 1685 603 1719 verterunt
630 1691 754 1730 seque
780 1679 834 1717 ad
862 1692 933 1717 sua
961 1686 1087 1717 castra
1115 1677 1273 1717 nautica
1306 1680 1548 1718 rettulerunt.

186 1757 201 1791 ς
223 1743 279 1782 sic
300 1745 505 1783 Hannibal
525 1743 692 1783 consilio
709 1757 820 1782 arma
839 1745 1170 1794 Pergamenorum
1191 1742 1398 1794 superavit,
1420 1756 1551 1794 neque

223 1818 307 1848 tum
327 1811 467 1857 solum,
483 1810 554 1848 sed
574 1821 694 1860 saepe
709 1808 806 1848 alias
826 1807 1074 1860 pedestribus
1095 1807 1219 1860 copiis
1239 1807 1321 1860 pari
1342 1807 1550 1859 prudentia
1570 1824 1610 1858 ²5

226 1874 376 1925 pepulit
395 1873 648 1914 adversarios.

165 1953 207 1979 12
280 1941 395 1988 Quae
413 1940 510 1978 dum
530 1937 571 1977 in
591 1939 687 1977 Asia
704 1947 901 1990 geruntur,
918 1939 1062 1979 accidit
1077 1953 1170 1978 casu
1191 1947 1234 1978 ut
1254 1938 1368 1991 legati
1391 1938 1549 1978 Prusiae

229 2006 383 2043 Romae
412 2004 520 2054 apud
549 2004 596 2042 T.
628 2003 838 2051 Quintium
864 2003 1129 2043 Flamininum
1159 2005 1406 2043 consularem
1436 2016 1549 2042 cena-

207 2076 318 2118 rent,
348 2075 469 2118 atque
500 2066 557 2107 ibi
587 2069 638 2107 de
669 2067 899 2107 Hannibale
926 2067 1127 2107 mentione
1157 2069 1259 2107 sacta
1292 2082 1339 2107 ex
1370 2067 1417 2107 iis
1445 2081 1548 2107 unus

185 2151 200 2172 2
222 2133 370 2173 diceret
395 2147 487 2172 eum
507 2132 548 2171 in
568 2132 728 2172 Prusiae
754 2147 876 2184 regno
905 2146 1001 2172 esse.
1059 2133 1100 2172 id
1126 2140 1285 2184 postero
1313 2132 1378 2172 die
1407 2131 1547 2172 Flami-
1566 2147 1607 2179 3ο

262 2248 284 2277 9
306 2247 393 2276 quae
404 2236 456 2268 Pu
475 2246 482 2268 :
502 2236 593 2276 quod
611 2234 676 2268 rell.
766 2246 806 2267 10
829 2236 1040 2276 pertinerent
1051 2234 1164 2266 APu:
1197 2240 1263 2266 -ret
1281 2235 1344 2268 rell.
1431 2245 1467 2266 11
1494 2244 1545 2266 re-

219 2280 371 2320 periebat
395 2278 545 2311 Lamb.:
577 2278 810 2319 reperiebatur
837 2278 925 2310 codd.
1066 2289 1105 2309 21
1131 2288 1210 2310 suas
1239 2289 1305 2310 om.
1332 2278 1363 2311 ς’
1503 2288 1545 2318 23

220 2327 396 2359 uerterunt
422 2323 546 2363 MJspa
579 2326 780 2354 auerterunt
806 2322 920 2354 codd.:
955 2326 1197 2354 conuenerunt
1220 2321 1376 2353 Buchner
1503 2322 1547 2352 28

219 2366 432 2440 T.·Mag1}‹'s:
456 2365 495 2398 L.
510 2365 598 2398 codd.
669 2365 891 2397 Flamininum
903 2364 1022 2397 Lamb.
1040 2376 1048 2397 ε
1073 2364 1305 2396 Flamminium
1315 2363 1395 2395 AM
1406 2375 1414 2395 ε
1438 2363 1464 2395 F
1466 2363 1546 2396 lam-

220 2419 350 2441 minum
