1746 2740
154 125 278 164 xxv.
305 125 382 163 vm
640 102 892 166 CORNELi
923 96 1163 165 NEPoTis

240 236 356 275 datae
372 243 481 276 erant
500 249 523 276 a
543 237 715 284 consule,
734 235 950 287 desperatis
966 235 1082 275 rebus
1098 235 1138 274 in
1154 234 1330 275 exsilium
1346 235 1565 287 proficisce-

199 309 219 341 6
241 308 382 340 rentur.
442 301 607 349 Atticus,
629 300 696 352 qui
727 300 935 352 pecuniam
965 299 1081 339 simul
1108 313 1199 339 cum
1225 300 1364 340 ceteris
1387 302 1564 341 conferre

241 368 419 406 noluerat
448 366 600 406 florenti
631 366 683 405 illi
713 366 822 418 parti,
845 365 1001 405 abiecto
1033 367 1155 404 Bruto
1186 365 1378 416 Italiaque
1407 365 1563 404 cedenti

244 433 312 471 HS
342 439 500 471 centum
531 431 638 471 milia
671 430 821 471 muneri
857 430 972 470 misit.
1031 430 1160 470 eidem
1195 430 1234 469 in
1271 430 1392 482 Epiro
1421 430 1566 470 absens

241 503 414 535 trecenta
446 496 556 535 iussit
589 496 686 544 dari,
715 509 844 547 neque
873 509 922 536 eo
952 495 1074 546 magis
1108 495 1259 546 potenti
1291 496 1474 535 adulatus
1506 501 1605 541 ests

241 560 417 600 Antonio
437 575 567 612 neque
586 563 813 613 desperatos
833 560 1000 612 reliquit.

191 636 219 674 9
293 627 480 666 Secutum
510 634 569 666 est
598 627 745 667 bellum
773 633 928 677 gestum
954 627 1062 677 apud
1093 625 1302 664 Mutinam.
1360 625 1400 664 in
1427 638 1508 677 quo
1533 625 1566 665 si

239 698 392 731 tantum
418 704 510 732 eum
537 693 771 743 prudentem
798 691 941 739 dicam,
964 691 1093 730 minus
1119 703 1239 741 quam
1269 689 1437 730 debeam
1460 703 1567 742 prae-

240 756 380 804 dicem,
403 770 494 796 cum
516 757 579 796 ille
595 757 725 808 potius
745 756 901 796 divinus
921 756 1047 804 fuerit,
1069 756 1101 795 si
1121 755 1311 795 divinatio
1330 756 1567 807 appellanda

239 829 298 861 est
330 829 519 873 perpetua
551 821 736 861 naturalis
771 821 937 869 bonitas,
969 835 1070 872 quae
1104 820 1220 860 nullis
1253 820 1409 860 casibus
1440 820 1566 872 agitur
1589 836 1628 859 10

203 902 216 924 2
239 900 370 938 neque
399 886 595 926 minuitur.
655 886 778 926 hostis
798 886 997 926 Antonius
1018 886 1212 925 iudicatus
1240 886 1354 925 Italia
1373 894 1565 926 cesserat:

239 965 328 1003 spes
357 946 588 992 restituendi
622 954 730 991 nulla
758 959 848 991 erat.
909 965 991 991 non
1025 953 1152 991 solum
1188 951 1346 999 inimici,
1379 951 1447 1002 qui
1481 959 1565 990 tum

224 1014 348 1056 'erant
374 1016 635 1068 potentissimi
662 1025 701 1056 et
721 1016 887 1068 plurimi,
911 1017 981 1056 sed
1002 1016 1119 1074 etiam
1140 1016 1208 1067 qui
1233 1016 1463 1056 adversariis
1482 1016 1566 1056 eius

239 1095 280 1121 se
300 1082 449 1121 dabant
468 1089 507 1121 et
528 1082 567 1120 in
587 1095 637 1121 eo
651 1083 848 1121 laedendo
863 1081 1034 1132 aliquam
1055 1089 1337 1121 consecuturos
1356 1081 1567 1132 sperabant

239 1147 576 1195 commoditatem,
608 1146 772 1186 Antonii
808 1146 1014 1186 familiares
1050 1147 1368 1198 insequebantur,
1403 1159 1565 1186 uxorem
1590 1159 1627 1192 ¹5

241 1212 419 1252 Fulviam
447 1212 633 1253 omnibus
662 1213 778 1252 rebus
813 1212 980 1264 spoliare
1014 1212 1243 1263 cupiebant,
1271 1212 1414 1252 liberos
1447 1211 1565 1252 etiam

201 1293 219 1324 3
239 1276 484 1328 exstinguere
512 1278 713 1329 parabant.
772 1277 939 1325 Atticus,
961 1291 1052 1316 cum
1073 1277 1276 1317 Ciceronis
1303 1277 1441 1316 intima
1460 1276 1568 1316 fami-

240 1341 404 1382 liaritate
432 1350 614 1390 uteretur,
635 1342 896 1382 amicissimus
922 1350 1024 1381 esset
1053 1345 1185 1390 Bruto,
1209 1355 1290 1381 non
1320 1343 1442 1382 modo
1470 1342 1567 1381 nihil

240 1406 286 1446 iis
315 1406 477 1446 indulsit
504 1408 555 1446 ad
576 1406 796 1446 Antonium
822 1406 1061 1454 violandum,
1085 1408 1155 1446 sed
1185 1420 1207 1446 e
1236 1407 1431 1446 contrario
1459 1408 1567 1446 fami-

239 1471 351 1511 liares
389 1470 473 1510 eius
512 1463 561 1510 ex
598 1471 695 1510 urbe
733 1470 1009 1522 profugientes,
1050 1479 1241 1522 quantum
1279 1471 1419 1523 potuit,
1458 1471 1563 1519 texit,
1588 1483 1629 1507 20

199 1554 219 1585 4
239 1535 383 1587 quibus
416 1536 532 1575 rebus
566 1535 828 1586 indiguerunt,
858 1535 1018 1575 adiu-vit.
1078 1539 1119 1575 P.
1151 1550 1242 1576 vero
1271 1535 1488 1576 Volumnio
1519 1549 1567 1576 ea

239 1600 384 1649 tribuit,
415 1608 458 1640 ut
490 1602 602 1653 plura
629 1614 653 1640 a
680 1608 842 1652 parente
876 1601 1070 1652 proficisci
1103 1615 1184 1641 non
1216 1601 1423 1653 potuerint.
1492 1600 1566 1652 ipsi

239 1673 372 1705 autem
403 1665 574 1714 Fulviae,
597 1679 688 1705 cum
718 1666 851 1705 litibus
881 1666 1131 1707 distineretur
1159 1667 1390 1718 magnisque
1418 1666 1566 1706 terrori-

241 1731 314 1770 bus
342 1737 554 1779 vexaretur,
585 1738 694 1770 tanta
721 1731 924 1782 diligentia
952 1732 1125 1771 officium
1154 1746 1268 1771 suum
1295 1730 1495 1783 praestitit,
1523 1738 1566 1770 ut

240 1797 390 1834 nullum
412 1795 477 1834 illa
492 1795 631 1835 stiterit
646 1796 917 1836 vadimonium
938 1796 1023 1836 sine
1039 1797 1184 1845 Attico,
1201 1810 1368 1848 sponsor
1387 1795 1565 1835 omnium
1583 1805 1626 1846 ,²5

201 1875 219 1906 5
240 1873 367 1900 rerum
388 1860 513 1899 fuerit.
564 1860 660 1911 quin
680 1861 813 1910 etiarn,
833 1875 924 1900 cum
945 1861 1009 1901 illa
1029 1863 1196 1901 fundum
1217 1862 1391 1901 secunda
1410 1862 1567 1900 fortuna

240 1924 398 1964 emisset
427 1924 467 1963 in
497 1925 603 1965 diem
637 1939 767 1976 neque
795 1933 885 1977 post
914 1926 1177 1966 calamitatem
1207 1939 1405 1966 versuram
1438 1926 1566 1964 facere

240 1988 445 2040 potuisset,
464 1988 528 2029 ille
552 2003 594 2029 se
614 1989 847 2041 interposuit
872 1990 1162 2042 pecuniamque
1182 1991 1267 2030 sine
1286 1992 1445 2030 faenore
1467 1989 1566 2029 sine-

240 2067 318 2104 que
347 2055 425 2093 ulla
454 2054 706 2105 stipulatione
734 2055 911 2105 credidit,
943 2055 1158 2096 maximum
1191 2056 1417 2096 existimans
1449 2067 1565 2106 quae-

223 2118 356 2167 stum,
389 2132 604 2159 memorem
633 2127 865 2171 gratumque
893 2121 1090 2172 cognosci,
1121 2121 1317 2172 simulque
1345 2119 1494 2171 aperire
1521 2132 1563 2158 se
1583 2128 1626 2159 30

285 2235 301 2264 7
329 2223 519 2255 Numidiam
550 2223 639 2255 AB:
689 2224 850 2256 Mundam
882 2223 923 2255 H
1091 2234 1131 2256 10
1150 2225 1297 2264 agitatur
1324 2222 1390 2255 cod.
1416 2222 1563 2255 Emstii:

240 2272 383 2307 augetur
398 2266 439 2297 H
579 2277 615 2306 15
640 2268 966 2300 commendationum
996 2267 1059 2306 Gis.
1078 2271 1108 2299 et
1130 2266 1218 2299 Leid.
1242 2266 1299 2298 sed
1319 2271 1480 2307 suprascr.
1509 2267 1562 2297 uel

242 2311 511 2342 commoditatem
670 2321 712 2350 23
736 2311 963 2342 destinaretur
985 2311 1056 2342 AB
1194 2319 1235 2349 25
1258 2310 1381 2341 stiterit
1410 2308 1471 2347 Gns.
1502 2309 1536 2339 Α
1555 2320 1563 2341 z
1724 2337 1734 2351 ,

243 2354 447 2393 praestiterit
463 2353 567 2384 BHR
676 2355 749 2386 sine
768 2354 895 2395 Attico,
913 2354 1045 2385 Atticus
1061 2352 1181 2385 Lamb.
1340 2362 1383 2392 30
1405 2353 1563 2392 aperiens
1724 2355 1734 2403 l

242 2395 600 2437 Hosman-Peerlkamp
