1746 2740
150 125 205 164 ΙΙ.
225 125 272 162 iii
624 123 878 163 CORNELI
915 123 1157 163 NEPOTIS

180 247 204 285 3
279 235 411 275 Huius
444 234 654 275 consilium
686 235 883 286 plerisque
916 234 1139 274 civitatibus
1173 233 1407 286 displicebat
1436 242 1476 274 et
1506 233 1548 272 in

223 310 324 341 terra
351 299 528 341 dimicari
558 299 681 352 magis
710 301 904 352 placebat.
973 300 1106 351 itaque
1139 299 1247 338 missi
1280 307 1372 339 sunt
1404 299 1550 340 delecti

223 380 315 406 cum
354 366 543 414 Leonida,
580 365 987 405 Lacedaemoniorum
1026 379 1128 416 rege,
1162 364 1230 416 qui
1262 365 1550 415 Thermopylas

224 439 463 483 occuparent
495 430 732 481 longiusque
764 431 952 469 barbaros
984 429 1167 482 progredi
1201 443 1283 468 non
1311 437 1547 480 paterentur.

225 496 251 535 ii
270 495 350 536 vim
375 495 550 535 hostium
579 509 661 534 non
689 494 958 534 sustinuerunt
986 508 1115 546 eoque
1140 496 1231 533 loco
1257 507 1396 533 omnes
1422 493 1551 532 interi·
1568 503 1587 535 5

189 579 204 600 2
226 569 350 600 erunt.
407 569 447 600 at
472 560 606 599 classis
632 559 856 599 communis
876 559 1065 599 Graeciae
1090 567 1354 599 trecentarum
1376 558 1548 607 navium,

226 626 266 664 in
295 640 373 677 qua
401 627 596 665 ducentae
624 632 735 664 erant
762 624 1278 676 Atheniensium,›primum
1307 625 1415 675 apud
1442 626 1553 663 Arte·

227 690 383 730 misium
409 690 510 730 inter
530 691 738 730 Euboeam
757 689 1109 740 continentemque
1126 697 1269 729 terram
1288 703 1381 728 cum
1399 688 1553 729 classia-

225 756 289 795 riis
308 755 422 807 regiis
441 755 628 795 conflixit.
675 754 876 805 angustias
894 754 1001 794 enim
1020 754 1310 794 Themistocles
1326 754 1550 806 quaerebat,

189 839 207 869 3
225 836 275 860 ne
304 820 557 860 multitudine
585 820 822 859 circuiretur.
881 819 946 858 hic
973 819 1047 859 etsi
1075 819 1158 870 pari
1187 819 1338 871 proelio
1365 819 1553 858 discesse-
1573 830 1614 853 10

225 893 321 934 rant,
343 894 476 924 tamen
505 886 649 924 eodem
678 886 768 924 loco
793 899 876 924 non
905 892 997 924 sunt
1021 884 1107 923 ausi
1133 898 1304 932 manere,
1332 885 1443 935 quod
1471 872 1552 923 erat

225 951 455 1002 periculum,
494 965 559 1000 ne,
597 951 629 990 si
673 965 761 1001 pars
798 950 958 990 navium
995 949 1307 990 adversariorum
1345 950 1553 989 Euboeam

188 1029 208 1059 4
227 1024 460 1067 superasset,
485 1016 648 1067 ancipiti
676 1024 945 1067 premerentur
972 1015 1158 1066 periculo.
1217 1028 1299 1066 quo
1324 1016 1472 1054 factum
1495 1020 1555 1053 est

227 1089 270 1120 ut
297 1082 349 1120 ab
375 1080 588 1120 Artemisio
616 1081 867 1120 discederent
891 1088 931 1119 et
956 1081 1214 1119 exadversum
1239 1080 1420 1119 Athenas
1446 1079 1555 1130 apud

228 1146 426 1186 Salamina
445 1147 611 1185 classem
631 1159 743 1185 suam
763 1145 1056 1184 constituerent.
1575 1157 1590 1181 ι
1596 1158 1614 1191 5

181 1223 208 1260 4
281 1212 335 1249 At
354 1213 503 1250 Xerxes
529 1210 805 1261 Thermopylis
831 1209 1062 1261 expugnatis
1081 1209 1261 1261 protinus
1279 1208 1444 1249 accessit
1466 1215 1554 1248 astu

226 1276 348 1326 idque
381 1275 498 1314 nullis
536 1275 843 1315 defendentibus
880 1275 1093 1314 interfectis
1131 1275 1414 1321 sacerdotibus,
1453 1287 1555 1324 quos

193 1357 206 1377 2
228 1341 268 1379 in
286 1355 375 1379 arce
395 1340 607 1387 invenerat,
629 1340 816 1379 incendio
836 1340 991 1379 delevit.
1051 1340 1162 1379 cuius
1182 1341 1342 1379 flamma
1364 1337 1556 1390 perterriti

226 1405 412 1444 classiarii
442 1419 534 1444 cum
560 1419 719 1445 manere
745 1419 827 1445 non
846 1407 1037 1445 auderent
1057 1414 1096 1445 et
1118 1405 1276 1456 plurimi
1295 1406 1551 1452 hortarentur,

228 1478 271 1509 ut
304 1472 446 1511 domos
480 1485 569 1510 suas
602 1470 851 1510 discederent
885 1471 1174 1521 moenibusque
1207 1484 1250 1510 se
1282 1471 1553 1517 defenderent,
1575 1483 1617 1506 20

168 1562 171 1565 ,
229 1535 518 1575 Themistocles
556 1550 658 1575 unus
696 1536 835 1575 restitit
867 1543 907 1575 et
939 1535 1142 1575 universos
1174 1549 1287 1587 pares
1320 1548 1406 1574 esse
1438 1542 1556 1586 posse

228 1601 368 1648 aiebat,
391 1601 589 1652 dispersos
614 1601 829 1640 testabatur
851 1601 1055 1652 perituros,
1077 1600 1198 1651 idque
1226 1599 1453 1650 Eurybiadi,
1476 1598 1556 1650 regi

231 1666 652 1714 Lacedaemoniorum,
675 1666 743 1717 qui
769 1674 853 1705 tum
877 1680 1057 1705 summae
1082 1665 1236 1716 imperii
1261 1671 1452 1716 praeerat,
1473 1665 1556 1703 fore

193 1747 210 1777 3
229 1731 457 1770 affirmabat.
517 1745 636 1782 quem
660 1745 751 1770 cum
782 1731 912 1770 minus
939 1744 1059 1782 quam
1082 1732 1199 1770 vellet
1227 1737 1412 1777 moveret,
1434 1736 1555 1768 noctu

230 1799 280 1836 de
300 1796 419 1836 servis
439 1797 518 1836 suis
539 1811 658 1848 quem
682 1796 820 1836 habuit
847 1796 1119 1836 fidelissimum
1139 1797 1192 1835 ad
1218 1809 1348 1846 regem
1376 1794 1495 1843 misit,
1513 1801 1557 1833 ut
1577 1810 1616 1843 25

193 1882 211 1911 4
229 1862 265 1901 ei
292 1862 488 1901 nuntiaret
515 1861 594 1900 suis
620 1861 760 1909 verbis,
788 1861 1030 1901 adversarios
1057 1860 1140 1900 eius
1167 1861 1207 1899 in
1234 1862 1325 1912 fuga
1350 1874 1459 1900 esse:
1489 1859 1557 1911 qui

231 1927 262 1965 si
282 1926 564 1974 discessissent,
587 1926 734 1965 maiore
754 1940 845 1965 cum
865 1926 999 1965 labore
1019 1934 1058 1965 et
1084 1926 1359 1977 longinquiore
1380 1933 1557 1977 tempore

231 1993 378 2030 bellum
413 1992 695 2038 confecturum,
732 2005 823 2029 cum
862 1990 1036 2041 singulos
1074 1990 1291 2030 consectari
1330 1997 1556 2041 cogeretur:

232 2070 331 2106 quos
361 2055 391 2093 si
422 2055 552 2094 statim
582 2057 865 2107 aggrederetur,
897 2054 1004 2094 brevi
1034 2048 1236 2093 universos
1265 2067 1553 2105 oppressurum.

233 2122 308 2159 hoc
356 2134 404 2159 eo
452 2120 616 2168 valebat,
666 2128 708 2158 ut
756 2119 914 2170 ingratis
960 2121 1011 2158 ad
1059 2120 1369 2170 depugnandum
1416 2132 1555 2158 omnes
1575 2128 1619 2161 30

196 2201 213 2232 5
234 2193 475 2235 cogerentur.
546 2186 620 2223 hac
659 2199 698 2223 re
736 2184 870 2223 audita
907 2184 1104 2230 barbarus,
1141 2183 1238 2221 nihil
1276 2182 1358 2222 doli
1395 2183 1557 2222 subesse

235 2251 408 2297 credens,
438 2249 625 2300 postridie
653 2248 893 2288 alienissimo
920 2248 994 2287 sibi
1020 2250 1125 2295 loco,
1150 2255 1286 2286 contra
1312 2246 1558 2298 opportunis-

278 2365 299 2394 9
322 2354 423 2393 regiis
437 2354 471 2385 R
486 2365 493 2384 :
510 2354 600 2393 regis
613 2353 758 2394 plerique
850 2363 889 2383 10
912 2353 991 2383 hinc
1002 2351 1122 2383 Lamb.
1215 2352 1255 2381 16
1270 2356 1345 2382 astu
1359 2349 1451 2382 Mon.
1471 2360 1534 2390 433
1551 2362 1559 2381 ε

235 2403 343 2429 astum
366 2396 563 2428 ABMPRu
582 2408 590 2428 :
613 2397 655 2428 ad
671 2402 746 2427 astu
769 2395 878 2426 Halm
1010 2405 1052 2434 3ο
1076 2394 1199 2434 ingrati
1225 2393 1267 2424 M
