1746 2740
751 126 991 166 ATTICVS
1388 125 1516 163 XXV.
1538 123 1619 162 xxi
1645 144 1648 147 ·

200 235 521 287 consumpsisset,
545 235 677 276 subito
703 243 811 275 tanta
839 236 897 275 vis
923 236 1051 275 morbi
1077 235 1118 275 in
1143 235 1268 275 imum
1302 235 1314 274 i
1345 235 1532 275 testinum

200 301 387 353 prorupit,
421 309 464 341 ut
502 310 677 342 extremo
716 310 892 353 tempore
930 316 1000 353 per
1037 303 1197 341 lumbos
1236 249 1390 341 fisffiae
1427 301 1534 352 puris

199 365 408 418 eruperint.
467 374 587 418 atque
610 368 686 406 hoc
714 366 942 418 priusquam
963 366 999 406 ei
1018 366 1227 415 accideret,
1250 375 1462 418 postquam
1492 365 1533 405 in
1553 381 1572 411 4

199 431 285 471 dies
314 433 471 472 dolores
500 446 723 472 accrescere
752 432 960 483 febresque
989 431 1203 472 accessisse
1232 431 1366 480 sensit,
1393 431 1534 483 Agrip-

161 514 180 547 5
199 511 291 549 pam
319 511 509 549 generum
534 498 586 537 ad
614 511 656 537 se
683 496 828 537 accersi
850 497 961 537 iussit
979 505 1019 537 et
1039 511 1131 536 cum
1158 511 1206 537 eo
1234 498 1278 536 L.
1302 496 1531 537 Cornelium

201 564 370 603 Balbum
401 565 644 615 Sextumque
675 564 939 603 Peducaeum.
999 564 1073 602 hos
1100 570 1143 602 ut
1168 562 1323 603 venisse
1351 561 1463 611 vidit,
1491 562 1531 602 in
1552 577 1570 609 5

199 629 377 668 cubitum
408 628 564 667 innixus
596 628 833 679 ‘quantam'
864 627 991 680 inquit
1023 632 1177 668 ‘curam
1207 627 1532 679 diligentiamque

199 694 239 733 in
260 693 486 734 valetudine
506 708 594 733 mea
615 695 764 734 tuenda
784 695 861 734 hoc
882 702 1059 745 tempore
1074 686 1335 742 adhibuerim,
1351 707 1441 732 cum
1461 706 1532 732 vos
1601 712 1617 726 ι

200 767 318 798 testes
349 760 529 807 habeam,
553 759 650 798 nihil
672 773 835 799 necesse
861 767 921 799 est
947 759 1124 811 pluribus
1143 759 1272 798 verbis
1292 772 1533 798 commemo-

143 839 181 861 ιο
199 838 293 864 rare.
352 824 496 875 quibus
526 823 727 875 quoniam,
749 832 793 863 ut
822 838 948 875 spero,
966 824 1148 873 satisfeci,
1171 838 1236 864 me
1265 824 1363 863 nihil
1394 824 1532 875 reliqui

199 889 348 937 fecisse,
370 890 479 940 quod
505 890 556 929 ad
583 891 805 930 sanandum
835 903 899 929 me
927 889 1152 941 pertineret,
1178 889 1373 941 reliquum
1403 897 1462 929 est
1490 897 1534 929 ut

199 962 356 1004 egomet
386 953 482 993 mihi
513 956 728 994 consulam.
789 954 829 994 id
850 968 920 994 vos
950 954 1128 1005 ignorare
1159 954 1293 994 nolui:
1323 968 1413 994 nam
1436 954 1533 993 mihi

199 1027 275 1058 stat
298 1021 401 1059 alere
427 1020 611 1059 morbum
639 1020 829 1060 desinere.
890 1034 1064 1072 namque
1092 1020 1153 1059 his
1173 1019 1314 1059 diebus
1335 1019 1533 1071 quidquid
1553 1027 1573 1058 6

198 1084 277 1123 cibi
297 1084 461 1136 sumpsi,
482 1084 536 1124 ita
561 1084 729 1137 produxi
748 1085 881 1134 vitam,
904 1093 947 1124 ut
970 1085 1145 1125 auxerim
1172 1086 1329 1125 dolores
1359 1085 1443 1125 sine
1463 1098 1533 1136 spe

140 1164 177 1196 ¹5
198 1149 346 1189 salutis.
404 1163 526 1201 quare
544 1163 568 1189 a
587 1149 700 1190 vobis
723 1158 827 1202 peto,
851 1150 1022 1202 primum
1048 1158 1092 1190 ut
1118 1149 1327 1190 consilium
1357 1149 1532 1202 probetis

198 1229 348 1264 meum,
366 1215 512 1254 deinde
532 1229 583 1255 ne
602 1216 743 1254 frustra
762 1216 1012 1255 dehortando
1032 1215 1224 1267 impedire
1243 1215 1469 1256 conemini.'

253 1282 345 1320 Hac
365 1279 543 1320 oratione
573 1280 709 1320 habita
737 1288 846 1320 tanta
875 1281 1098 1320 constantia
1117 1280 1224 1320 vocis
1247 1288 1366 1332 atque
1386 1282 1530 1330 vultus,
1548 1293 1600 1323 22

198 1353 240 1385 ut
264 1359 348 1385 non
372 1358 422 1385 ex
441 1345 530 1394 vita,
553 1347 625 1385 sed
648 1359 697 1386 ex
721 1347 846 1386 domo
871 1345 913 1386 in
938 1347 1104 1386 domum
1125 1346 1323 1386 videretur
1352 1346 1529 1398 migrare,

197 1424 288 1450 curn
310 1410 471 1461 quidem
493 1409 670 1462 Agrippa
686 1423 781 1452 eum
801 1412 900 1450 flens
919 1418 1039 1462 atque
1060 1413 1244 1451 osculans
1265 1420 1392 1452 oraret
1411 1419 1530 1463 atque
1553 1428 1569 1450 2

140 1492 179 1515 20
197 1476 431 1526 obsecraret,
450 1490 501 1516 ne
521 1476 562 1516 id
583 1477 692 1528 quod
713 1484 852 1516 natura
868 1484 1024 1528 cogeret
1044 1476 1128 1528 ipse
1148 1491 1308 1528 quoque
1329 1477 1404 1517 sibi
1423 1491 1532 1517 acce-

197 1543 347 1591 leraret,
373 1550 414 1582 et
442 1541 631 1594 quoniam
660 1549 745 1581 tum
775 1556 937 1593 quoque
965 1550 1099 1594 posset
1127 1543 1372 1594 temporibus
1402 1556 1531 1595 super-

197 1621 294 1656 esse,
329 1622 372 1648 se
400 1608 475 1648 sibi
510 1608 671 1659 suisque
705 1617 927 1656 reservaret,
960 1608 1086 1660 precis
1118 1608 1202 1648 eius
1234 1608 1428 1648 taciturna
1460 1622 1532 1648 sua

198 1673 465 1713 obstinatione
491 1673 694 1725 depressit.
759 1673 816 1713 sic
845 1687 935 1713 cum
967 1673 1134 1713 biduum
1164 1673 1255 1713 cibo
1285 1687 1327 1713 se
1355 1674 1530 1714 abstinu-
1551 1685 1569 1717 3

198 1737 301 1786 isset,
337 1738 469 1778 subito
498 1737 616 1778 febris
644 1738 814 1778 decessit
844 1738 1045 1790 leviorque
1073 1739 1237 1778 morbus
1268 1752 1353 1779 esse
1385 1738 1528 1791 coepit.

139 1817 177 1849 25
198 1811 331 1843 tamen
362 1804 607 1855 propositum
639 1803 763 1842 nihilo
793 1803 913 1843 setius
943 1804 1091 1855 peregit
1120 1804 1252 1855 itaque
1281 1804 1346 1844 die
1376 1804 1528 1856 quinto,

197 1877 407 1920 postquam
439 1868 481 1908 id
504 1868 711 1908 consilium
744 1868 893 1917 inierat,
915 1869 1040 1920 pridie
1066 1870 1140 1908 kal.
1170 1869 1314 1920 Aprilis
1349 1871 1423 1910 Cn.
1451 1871 1530 1910 Do-

199 1933 310 1973 mitio
332 1935 375 1974 C.
399 1933 514 1990 Sosi9
538 1934 768 1974 consulibus
796 1933 975 1974 decessit.
1049 1936 1174 1974 elatus
1194 1942 1252 1974 est
1273 1934 1312 1974 in
1333 1934 1528 1984 lecticula,
1548 1952 1569 1982 4

198 2005 240 2036 ut
259 1997 343 2049 ipse
362 1998 673 2050 praescripserat,
695 1998 780 2038 sine
801 2000 879 2038 ulla
899 2012 1046 2051 pompa
1067 1998 1227 2047 funeris,
1246 1999 1528 2039 comitantibus

199 2062 384 2102 omnibus
432 2062 558 2111 bonis,
599 2063 768 2103 maxima
806 2063 910 2114 vulgi
949 2063 1178 2115 frequentia.
1246 2065 1422 2115 sepultus
1469 2072 1528 2104 est

139 2140 181 2172 30
199 2126 304 2167 iuxta
332 2127 434 2167 viam
474 2128 646 2180 Appiam
678 2130 730 2168 ad
766 2127 948 2179 quintum
986 2128 1159 2179 lapidem
1194 2128 1234 2167 in
1266 2137 1527 2170 monumento

198 2193 248 2241 Q.
280 2192 439 2241 Caecili,
469 2193 651 2232 avunculi
682 2193 752 2232 sui.

243 2295 254 2315 1
276 2286 375 2317 imum
388 2286 584 2318 Ascensius:
611 2297 713 2318 unum
730 2287 818 2319 codd.
914 2290 952 2319 16
976 2288 1139 2328 impedire
1158 2288 1222 2328 Grs.
1239 2287 1328 2319 Laid.
1346 2299 1353 2319 ε
1376 2298 1443 2320 om.
1461 2289 1524 2322 rell.

195 2339 237 2360 20
262 2339 304 2360 ne
326 2330 359 2361 id
379 2329 519 2363 Lamb.:
547 2341 589 2361 ne
606 2331 647 2362 ad
670 2331 703 2362 id
721 2331 809 2363 codd.
902 2331 974 2372 ipse
990 2331 1142 2373 quoque]
1178 2342 1312 2372 quoque
1336 2332 1407 2364 incl.
1429 2332 1525 2364 Eber-

194 2372 281 2402 hard
376 2377 453 2414 post
471 2374 574 2406 accel.
601 2378 646 2404 est
668 2375 701 2405 in
725 2374 796 2405 AB
816 2375 962 2415 spatium
991 2385 1134 2406 uacuum
1158 2374 1287 2406 dimidit
1313 2385 1447 2407 uersus:
1483 2387 1525 2408 ne

195 2415 235 2446 ad
254 2416 287 2447 id
306 2439 312 2447 .
332 2439 339 2447 .
358 2440 365 2448 .
381 2417 486 2448 accel.
504 2417 568 2448 iter
584 2417 685 2449 Fleck.
788 2417 954 2450 Aemilius
973 2418 1097 2459 probus
1114 2419 1157 2450 de
1176 2418 1368 2450 Illustribus
1384 2419 1526 2452 ducibus

196 2463 388 2490 exterarum
405 2461 556 2500 gentium
573 2461 713 2502 explicit
729 2461 762 2492 R
1170 2465 1174 2473 ¹
