1746 2740
152 122 279 161 XXV.
301 121 333 159 ii
631 121 886 161 CORNELI
916 121 1158 161 NEPOTIS

236 231 427 280 familiari,
458 234 600 272 eodem
631 245 814 284 magnam
842 239 994 283 partem
1022 233 1264 271 fortunarum
1298 232 1446 272 traiecit
1479 245 1563 272 sua-

237 311 333 337 rum.
391 297 457 337 hic
483 297 537 337 ita
555 297 659 346 vixit,
682 305 726 337 ut
752 297 941 337 universis
962 296 1272 337 Atheniensibus
1299 297 1439 338 merito
1461 305 1565 338 esset

198 379 219 410 4
237 362 469 402 carissimus.
546 376 638 402 nam
681 370 833 413 praeter
873 361 1047 413 gratiam,
1089 376 1192 413 quae
1235 361 1311 401 iam
1354 362 1394 401 in
1432 363 1565 402 adule-

237 428 416 467 scentulo
454 440 597 478 magna
633 435 726 475 erat,
758 440 876 478 saepe
916 426 996 466 suis
1035 426 1178 478 opibus
1215 426 1389 482 inopiam
1427 440 1564 467 eorum

237 491 437 543 publicam
466 492 617 532 levavit.
676 505 768 531 cum
796 491 902 531 enim
933 505 1130 542 versgram
1144 483 1472 546 &refaceret-Rpppce
1500 505 1565 531 ne·
1584 509 1603 542 5

239 571 350 597 cesse
367 565 470 597 esset
490 571 620 608 neque
639 556 728 596 eius
743 556 1021 597 condicionem
1048 570 1215 608 aequam
1243 557 1449 606 haberent,
1467 569 1565 596 sem·

241 636 310 674 per
335 636 376 662 se
402 622 646 673 interposuit,
667 630 787 674 atque
812 622 866 661 ita
890 630 933 662 ut
957 636 1086 673 neque
1110 618 1267 661 usuram
1297 635 1486 673 umquam
1513 621 1566 661 ab

241 687 287 727 iis
323 687 518 739 acceperit
555 701 686 739 neque
722 687 888 739 longius,
925 701 1045 738 quarn
1083 687 1233 727 dictum
1271 695 1385 735 esset,
1420 687 1566 727 debere

201 768 219 800 5
241 766 377 803 passus
405 752 465 792 sit.
523 754 633 804 quod
662 760 873 804 utrumque
901 761 983 792 erat
1011 752 1057 792 iis
1086 755 1276 793 salutare:
1314 766 1406 792 nam
1438 767 1566 804 neque

239 803 484 869 indffigendo
526 818 808 858 inveterascere
846 832 983 857 eorum
1022 832 1088 858 aes
1130 818 1303 858 alienum
1346 818 1566 869 patiebatur
1588 834 1628 858 10

199 892 220 924 6
240 897 369 934 neque
402 874 727 934 multiplicandi?
743 883 869 922 usuris
903 879 1086 922 crescere.
1145 883 1252 922 auxit
1285 885 1362 923 hoc
1391 883 1564 923 officium

237 947 314 987 alia
341 962 502 999 quoque
530 947 785 987 liberalitate:
818 961 911 986 nam
940 947 1142 987 universos
1168 949 1366 988 frumento
1392 948 1565 996 donavit,

238 1012 292 1051 ita
311 1020 353 1051 ut
373 1012 534 1063 singulis
550 1024 590 1051 V1
613 1012 736 1051 modii
756 1012 871 1052 tritici
891 1013 1088 1061 darentur,
1109 1012 1177 1064 qui
1198 1013 1341 1052 modus
1362 1027 1567 1053 mensurae

239 1078 463 1117 medimnus
483 1077 651 1117 Athenis
670 1079 899 1128 appellatur.

195 1158 220 1195 3
294 1143 374 1183 Hic
410 1151 544 1184 autem
582 1143 639 1182 sic
676 1157 719 1183 se
755 1144 926 1195 gerebat,
961 1152 1004 1184 ut
1042 1145 1265 1184 communis
1303 1145 1458 1194 infimis,
1499 1160 1568 1197 par
1589 1161 1626 1193 ¹5

238 1208 481 1260 principibus
522 1207 728 1248 videretur.
805 1221 886 1259 quo
929 1210 1076 1248 factum
1118 1217 1177 1248 est
1218 1217 1261 1249 ut
1299 1210 1391 1250 huic
1428 1224 1567 1250 omnes

239 1276 420 1322 honores,
451 1287 552 1324 quos
581 1282 754 1325 possent,
785 1273 943 1324 publice
976 1274 1166 1314 haberent
1200 1275 1406 1326 civemque
1440 1277 1567 1315 facere

240 1340 466 1379 studerent:
494 1352 575 1390 quo
601 1338 797 1378 beneficio
825 1338 889 1377 ille
913 1338 969 1378 uti
994 1339 1120 1378 noluit
1149 1337 1275 1392 [quod
1305 1340 1484 1380 nonnulli
1514 1340 1568 1380 ita

204 1422 219 1444 2
241 1404 551 1455 interpretantur,
569 1403 694 1443 amitti
707 1403 905 1442 civitatem
923 1405 1146 1442 Romanam
1162 1404 1237 1443 alia
1252 1403 1401 1458 ascita}
1433 1419 1567 1456 quam-

240 1469 308 1509 diu
341 1469 478 1518 adfuit,
514 1483 564 1509 ne
601 1483 681 1520 qua
713 1468 788 1508 sibi
822 1476 950 1508 statua
982 1458 1204 1520 poneretur,
1237 1469 1386 1518 restitit,
1422 1470 1566 1510 absens
1587 1484 1628 1507 20

240 1534 448 1587 prohibere
473 1549 555 1574 non
581 1534 720 1585 potuit.
779 1534 911 1585 itaque
936 1533 1086 1586 aliquot
1115 1534 1189 1586 ipsi
1215 1543 1254 1574 et
1282 1535 1445 1576 Phidiae
1469 1535 1566 1576 locis

240 1600 494 1640 sanctissimis
527 1607 766 1652 posuerunt:
805 1601 911 1639 hune
939 1599 1046 1639 enim
1079 1599 1119 1639 in
1149 1600 1257 1639 omni
1292 1601 1566 1652 procuratione

203 1679 222 1710 3
241 1666 295 1705 rei
315 1665 496 1717 publicae
516 1650 690 1705 actorem
709 1673 991 1716 auctoremque
1011 1665 1221 1704 habebant.
1262 1665 1378 1718 igitur
1397 1666 1566 1718 primum

241 1731 338 1771 illud
368 1745 510 1771 munus
539 1731 730 1779 fortunae,
761 1732 871 1782 quod
900 1730 940 1770 in
969 1744 1016 1770 ea
1044 1731 1292 1782 potissimum
1322 1732 1418 1771 urbe
1452 1740 1567 1771 natus

239 1804 312 1845 est,
345 1796 384 1836 in
419 1811 498 1848 qua
529 1796 775 1836 domicilium
814 1796 919 1836 orbis
957 1804 1142 1836 terrarum
1182 1805 1284 1837 esset
1322 1797 1484 1848 imperii,
1525 1806 1567 1837 ut
1587 1811 1626 1843 ²5

240 1863 407 1905 candem
428 1870 466 1901 et
492 1861 656 1913 patriam
684 1862 847 1901 haberet
870 1870 909 1901 et
935 1864 1125 1909 domum;
1155 1865 1230 1902 hoc
1251 1863 1451 1915 specimen
1481 1878 1566 1915 pru-

240 1927 409 1975 dentiae,
440 1928 560 1978 quod,
591 1940 682 1966 cum
713 1927 752 1966 in
783 1941 869 1966 eam
900 1942 941 1967 se
970 1928 1165 1968 civitatem
1196 1929 1436 1977 contulisset,
1465 1943 1566 1980 quae

239 1992 482 2044 antiquitate,
505 1992 749 2032 humanitate
776 1993 1034 2045 doctrinaque
1061 2002 1272 2045 praestaret
1293 2008 1442 2043 omnes,
1464 2008 1566 2035 unus

241 2057 277 2097 ei
298 2057 369 2096 suit
388 2057 620 2096 carissimus.

196 2132 224 2171 4
298 2125 391 2162 Huc
420 2137 467 2162 ex
486 2122 580 2162 Asia
609 2125 716 2163 Sulla
745 2125 943 2164 decedens
972 2137 1063 2163 cum
1090 2124 1269 2174 venisset,
1292 2124 1481 2176 quamdiu
1509 2123 1565 2164 ibi
1584 2137 1626 2169 30

242 2187 324 2235 fuit,
347 2201 481 2234 secum
510 2188 648 2228 habuit
675 2188 952 2239 Pomponium,
978 2197 1115 2240 captus
1140 2189 1403 2229 adulescentis
1429 2198 1467 2228 et
1496 2190 1564 2228 hu-

288 2302 304 2331 7
330 2302 484 2332 umquam
501 2292 648 2332 iniquam
667 2292 866 2325 Gouschalch
969 2302 1007 2332 13
1029 2303 1091 2324 sex
1108 2292 1280 2324 Fae'rnus:
1304 2298 1434 2333 septem
1451 2292 1562 2325 codd.:

242 2335 315 2366 seni
334 2335 436 2367 Fleck.
573 2336 621 2375 18,
641 2346 679 2376 ¹9
702 2337 791 2376 quod
808 2359 815 2367 .
836 2360 844 2367 .
865 2360 872 2368 .
893 2336 998 2367 ascita
1013 2335 1124 2367 melus.
1142 2336 1265 2368 Gesner
1393 2347 1431 2367 21
1459 2336 1564 2368 Piliae

243 2378 362 2410 Lamb.
379 2389 387 2409 ε
412 2378 537 2410 Midiae
553 2378 662 2420 Bergk
819 2389 858 2419 31
887 2379 948 2411 suit
964 2379 1166 2420 Heusinger:
1191 2379 1291 2412 suerit
1307 2379 1393 2412 codd.

1727 2353 1730 2355 ·
1739 2343 1746 2365 l

1740 2366 1746 2387 l
