1746 2740
624 131 1045 172 EPAMINONDAS
1441 132 1532 172 XV.
1554 131 1587 171 ii

169 254 311 282 sonum
337 242 481 282 doctus
504 249 563 282 est
582 255 607 282 a
627 242 832 294 Dionysio,
854 243 923 295 qui
949 257 1031 283 non
1052 243 1206 284 minore
1225 243 1298 284 fuit
1323 243 1364 284 in
1384 243 1502 284 musi-

167 308 224 347 cis
252 308 374 359 gloria
402 322 522 360 quarn
555 310 715 348 Damon
743 316 812 348 aut
841 310 1046 360 Lamprus,
1075 322 1245 360 quorum
1274 311 1503 361 pervulgata

167 381 259 413 sunt
282 373 456 422 nomina,
471 381 630 414 cantare
653 373 760 414 tibiis
784 374 837 414 ab
857 373 1162 425 Olympiodoro,
1182 375 1322 414 saltare
1341 388 1365 414 a
1385 374 1501 415 Calli-

166 440 330 492 phrone.
387 446 428 479 at
456 439 733 491 philosophiae
761 446 1058 491 praeceptorem
1092 439 1233 479 habuit
1262 439 1397 490 Lysim
1426 441 1501 480 Ta·
1521 455 1536 478 2

128 520 146 552 5
165 504 378 554 rentinum,
409 506 723 556 Pythagoreum:
762 504 827 544 cui
861 504 1024 556 quidem
1058 504 1114 544 sic
1147 504 1221 544 fuit
1252 504 1423 553 deditus,
1456 512 1500 545 ut

164 571 398 611 adulescens
427 570 577 610 tristem
605 583 653 610 ac
681 583 861 610 severum
890 583 1026 610 senem
1053 569 1240 609 omnibus
1266 570 1498 622 aequalibus

164 635 245 674 suis
274 635 315 674 in
344 635 605 675 familiaritate
637 634 907 687 anteposuerit
922 650 934 684 ‚-
970 648 1101 687 neque
1134 634 1241 686 prius
1274 649 1366 675 eum
1399 649 1423 675 a
1456 649 1498 676 se

163 701 365 749 dimiserit,
389 715 509 753 quam
536 701 577 741 in
602 701 794 742 doctrinis
820 709 932 741 tanto
957 700 1169 741 antecessit
1188 701 1498 754 condiscipulos,

164 774 207 806 ut
230 766 344 807 facile
366 766 538 819 intellegi
564 775 698 820 posset
726 767 810 819 pari
838 768 961 807 modo
987 773 1261 819 superaturum
1288 781 1428 807 omnes
1456 768 1498 807 in

106 844 148 869 10
163 832 303 872 ceteris
339 833 499 872 artibus.
569 841 691 885 atque
728 834 828 872 haec
860 834 913 872 ad
950 839 1126 872 nostram
1164 833 1495 873 consuetudinem
1517 849 1535 881 3

96 916 100 918 ·
163 905 254 936 sunt
283 897 383 937 levia
411 906 450 937 et
478 897 611 950 potius
640 898 936 938 contemnenda
950 912 961 946 3
1001 905 1042 936 at
1075 897 1116 936 in
1151 897 1327 946 Graecia,
1359 898 1497 950 utique

161 963 268 1010 olim,
291 976 457 1014 magnae
477 962 584 1003 laudi
604 971 724 1003 erant.
784 970 995 1014 postquam
1022 962 1202 1014 ephebus
1222 970 1282 1002 est
1307 960 1433 1003 fa'ctus
1457 971 1496 1004 et
1514 978 1534 1010 4

161 1029 377 1079 palaestrae
397 1029 491 1068 dare
510 1042 671 1079 operam
698 1028 842 1080 coepit,
863 1041 946 1067 non
965 1035 1047 1067 tam
1073 1027 1335 1078 magnitudini
1355 1029 1495 1069 virium

161 1093 317 1133 servivit
345 1107 465 1145 quam
486 1094 708 1134 velocitati:
746 1093 854 1133 illam
883 1092 990 1133 enim
1019 1093 1071 1132 ad
1100 1094 1335 1133 athletarum
1365 1108 1494 1145 usum,

104 1171 142 1206 15
161 1161 264 1199 hanc
284 1160 335 1199 ad
362 1159 454 1199 belli
475 1149 724 1214 existimabat
743 1159 953 1199 utilitatem
972 1158 1182 1210 pertinere.
1240 1159 1373 1211 itaque
1392 1174 1495 1200 exer·
1516 1175 1534 1207 5

161 1226 325 1266 cebatur
360 1225 573 1278 plurimum
611 1226 806 1266 currendo
845 1232 884 1264 et
921 1225 1111 1264 luctando
1148 1225 1200 1264 ad
1234 1238 1325 1265 eum
1359 1227 1494 1275 finem,

160 1295 294 1345 quoad
323 1302 431 1334 stans
454 1294 667 1346 complecti
695 1301 830 1346 posset
851 1301 972 1345 atque
996 1296 1249 1335 contendere.
1307 1294 1348 1333 in
1376 1292 1495 1333 armis

159 1373 252 1400 vero
272 1360 483 1412 plurimum
506 1360 625 1400 studii
645 1360 917 1400 consumebat.

212 1428 279 1467 Ad
317 1429 420 1467 hanc
458 1427 633 1479 corporis
670 1426 896 1467 firmitatem
934 1428 1047 1479 plura
1079 1427 1198 1467 etiam
1232 1426 1355 1467 animi
1387 1427 1493 1467 bona
1512 1437 1538 1477 3

102 1508 142 1531 20
158 1501 415 1533 accesserant.
474 1501 556 1533 erat
575 1493 682 1533 enim
707 1493 926 1542 modestus,
945 1494 1132 1544 prudens,
1152 1492 1290 1545 gravis,
1311 1492 1495 1544 tempori-

160 1558 233 1598 bus
246 1558 442 1611 sapienter
457 1566 583 1607 utens‚
600 1558 748 1610 peritus
763 1558 867 1607 belli,
882 1559 992 1598 fortis
1009 1572 1140 1607 manu,
1157 1559 1292 1599 animo
1307 1558 1491 1606 maximo,

158 1625 260 1664 adeo
279 1624 451 1664 veritatis
471 1624 649 1676 diligens,
672 1633 715 1663 ut
735 1637 786 1663 ne
806 1625 896 1663 ioco
915 1623 1077 1675 quidem
1100 1624 1342 1664 mentiretur.
1385 1623 1490 1666 idem
1514 1637 1529 1660 2

158 1690 377 1738 continens,
401 1692 576 1730 clemens
596 1690 831 1741 patiensque
850 1689 1128 1730 admirandum
1150 1689 1190 1728 in
1211 1690 1388 1738 modum,
1411 1703 1491 1728 non

159 1757 287 1794 solum
308 1757 456 1807 populi,
479 1757 549 1795 sed
569 1755 688 1795 etiam
708 1754 927 1794 amicorum
956 1756 1083 1795 ferens
1104 1754 1275 1802 iniurias,
1297 1754 1336 1793 in
1357 1754 1492 1806 primis

26 1814 33 1822 ⁸
101 1836 139 1869 25
159 1822 370 1860 commissa
396 1823 539 1870 celans,
561 1822 671 1872 quod
698 1820 896 1860 interdum
926 1834 1007 1860 non
1034 1820 1165 1859 minus
1191 1821 1352 1872 prodest
1371 1833 1491 1871 quam
1540 1872 1543 1875 ι

159 1886 303 1925 diserte
331 1886 474 1934 dicere,
506 1885 706 1926 studiosus
735 1881 949 1926 audiendi:
988 1899 1035 1926 ex
1064 1887 1142 1925 hoc
1170 1885 1277 1926 enim
1306 1885 1491 1925 facillime

159 1951 256 1991 disci
277 1951 547 1992 arbitrabatur.
607 1951 740 2002 itaque
760 1965 852 1991 cum
873 1950 913 1990 in
934 1950 1125 1991 circulum
1145 1951 1330 2000 venisset,
1349 1950 1389 1990 in
1409 1964 1491 2002 quo
1511 1966 1529 1998 3

157 2024 225 2056 aut
253 2018 305 2056 de
338 2031 378 2056 re
407 2017 566 2068 publica
594 2016 858 2067 disputaretur
891 2024 960 2055 aut
992 2018 1044 2056 de
1077 2016 1330 2068 philosophia
1361 2029 1491 2056 sermo

159 2083 378 2130 haberetur,
410 2095 627 2133 numquam
658 2081 751 2121 inde
781 2081 887 2132 prius
917 2081 1112 2130 discessit,
1139 2095 1260 2133 quam
1288 2082 1340 2121 ad
1370 2082 1490 2121 finem

99 2159 141 2191 30
158 2160 287 2187 sermo
315 2155 419 2187 esset
446 2148 654 2186 adductus.
714 2154 985 2197 paupertatem
1014 2147 1117 2186 adeo
1143 2146 1258 2187 facile
1283 2160 1490 2198 perpessus
1508 2165 1530 2196 4

158 2220 230 2260 est,
250 2220 292 2251 ut
312 2213 363 2251 de
390 2226 430 2252 re
450 2211 609 2264 publica
633 2211 730 2250 nihil
761 2218 914 2262 praeter
939 2210 1103 2261 gloriam
1131 2211 1290 2262 ceperit.
1346 2210 1494 2251 amico-

201 2325 222 2346 2
245 2315 411 2356 Lamprus
427 2315 626 2356 Longolius:
653 2314 801 2355 Lampus
814 2313 904 2345 codd.
1039 2325 1058 2353 4
1084 2314 1199 2355 Lysim
1212 2313 1337 2348 Dan.²:
1354 2314 1490 2357 Lysiam

157 2358 260 2391 Dan.¹
277 2363 306 2391 et
321 2359 386 2392 rell.
537 2361 560 2390 6
582 2358 637 2401 ac]
656 2363 690 2390 et
705 2359 735 2390 ς’
900 2358 920 2388 8
944 2357 1070 2389 dimisit
1085 2357 1184 2399 Νὴὺρ.
1337 2369 1360 2399 9
1383 2360 1491 2400 possit

157 2402 246 2435 Dan.
266 2402 370 2434 ABP
491 2413 527 2443 17
551 2403 662 2443 quoad
678 2407 772 2434 stans
790 2413 812 2433 u
827 2413 834 2434 ε
857 2412 925 2442 quo
942 2402 1081 2434 adstans
1097 2401 1185 2435 codd.
1277 2403 1488 2436 contundere

159 2445 173 2475 1
176 2445 310 2479 Veidner
435 2458 476 2486 25
499 2446 657 2488 quodque
674 2446 824 2478 Eussner
