1746 2740
0 412 8 424 v
0 254 16 396 *vvzwxgaesvev
4 236 12 242 ι
3 207 8 219 v·

713 153 1027 194 PELOPIDAS
1439 153 1551 191 XVI.
1573 150 1620 190 iii

200 274 270 315 est,
292 266 414 306 nimia
433 265 580 306 fiducia
597 273 770 318 quantae
786 266 1002 306 calamitati
1017 267 1141 306 soleat
1153 278 1250 306 esse.
1309 278 1401 304 nam
1417 263 1538 315 magi-

199 340 391 372 stratuum
417 332 701 372 Thebanorum
733 330 865 371 statim
894 332 946 370 ad
973 330 1078 370 auris
1106 329 1284 382 pervenit
1312 330 1465 370 exsules
1494 327 1535 367 in

199 398 339 437 urbem
378 397 543 437 venisse.
603 396 645 436 id
684 396 739 436 illi
778 395 872 436 vino
910 396 1116 447 epulisque
1157 395 1283 436 dediti
1321 408 1448 446 usque
1485 407 1535 434 eo

198 463 471 514 despexerunt,
495 470 538 502 ut
558 476 609 502 ne
629 475 817 514 quaerere
837 461 999 513 quidem
1027 462 1079 501 de
1105 469 1215 500 tanta
1239 474 1281 501 re
1307 459 1530 500 laborarint.

160 543 177 575 5
197 528 363 568 accessit
409 528 528 568 etiam
575 529 686 579 quod
725 527 849 578 magis
888 526 1056 579 aperiret
1099 540 1237 567 eorum
1275 525 1529 566 dementiam.
1554 538 1570 560 2

197 595 314 634 allata
351 602 411 634 est
448 593 555 634 enim
590 593 759 644 epistula
789 592 960 634 Athenis
989 593 1041 632 ab
1075 592 1254 632 Archino
1288 591 1357 631 uni
1385 605 1435 632 ex
1471 591 1532 630 his

196 659 377 709 Archiae,
400 659 467 710 qui
498 667 582 698 tum
610 658 824 698 maximum
852 658 1121 709 magistratum
1141 657 1293 698 Thebis
1313 657 1530 705 obtinebat,

196 722 237 762 in
257 738 336 775 qua
354 724 489 764 omnia
508 726 560 764 de
579 723 824 775 profectione
844 737 981 763 eorum
1008 723 1223 775 perscripta
1250 730 1371 763 erant.
1429 736 1532 774 quae

196 803 288 828 curn
308 789 386 829 iam
406 789 618 829 accubanti
637 789 679 828 in
698 789 883 829 convivio
902 797 1007 829 esset
1026 790 1130 838 data,
1153 789 1254 829 sicut
1273 796 1355 829 erat
1367 788 1529 840 signata,

138 870 179 894 10
196 855 270 895 sub
290 854 497 906 pulvinum
526 854 726 895 subiciens
757 854 822 894 ‘in
851 855 1087 895 crastinum’
1116 854 1244 906 inquit
1266 858 1275 876 ‘
1303 854 1442 894 differo
1470 867 1531 894 res

195 922 373 959 severas.'
427 927 469 959 at
489 919 545 959 illi
565 933 717 968 omnes,
741 933 835 960 cum
856 919 935 960 iam
955 934 1034 960 nox
1053 920 1319 972 processisset,
1339 919 1531 959 vinolenti
1549 928 1568 960 3

194 985 245 1025 ab
271 985 472 1026 exsulibus
498 986 603 1026 duce
633 985 827 1037 Pelopida
852 994 944 1025 sunt
972 986 1179 1026 interfecti.
1235 985 1380 1037 quibus
1412 985 1530 1025 rebus

194 1051 396 1099 confectis,
420 1053 538 1103 vulgo
566 1052 618 1090 ad
646 1064 757 1090 arma
788 1050 1091 1102 libertatemque
1109 1059 1263 1099 vocato,
1289 1065 1370 1090 non
1400 1052 1529 1090 solum

195 1115 262 1166 qui
283 1115 321 1155 in
345 1117 442 1155 urbe
461 1124 582 1164 erant,
606 1117 677 1156 sed
698 1116 821 1156 etiam
841 1116 1019 1167 undique
1042 1131 1090 1156 ex
1113 1116 1215 1167 agris
1234 1124 1527 1165 concurrerunt,

137 1197 175 1229 15
195 1181 433 1231 praesidium
460 1183 871 1222 Lacedaemoniorum
896 1196 944 1222 ex
969 1196 1059 1222 arce
1084 1184 1332 1234 pepulerunt,
1363 1182 1528 1234 patriam

194 1246 404 1287 obsidione
424 1247 649 1296 liberarunt,
672 1256 854 1287 auctores
881 1248 1084 1288 Cadmeae
1108 1248 1368 1298 occupandae
1387 1247 1528 1298 partim

193 1311 436 1360 occiderunt,
458 1313 600 1364 partim
621 1313 661 1352 in
681 1312 862 1353 exsilium
882 1312 1092 1352 eiecerunt.

249 1378 342 1417 Hoc
372 1385 452 1416 tam
482 1378 643 1418 turbido
672 1386 862 1430 ternpore,
895 1378 997 1418 sicut
1026 1392 1144 1430 supra
1172 1378 1393 1427 docuimus,
1427 1381 1528 1430 Epa·
1545 1388 1573 1427 4

192 1442 414 1491 minondas‚
437 1445 572 1495 quoad
593 1458 684 1484 cum
706 1444 859 1484 civibus
884 1444 1117 1484 dimicatum
1145 1453 1214 1493 est,
1237 1445 1347 1485 domi
1370 1444 1527 1496 quietus

134 1523 174 1546 20
192 1507 274 1547 fuit.
332 1507 466 1560 itaque
486 1510 585 1549 haec
611 1509 903 1549 liberandarum
925 1510 1155 1550 Thebarum
1181 1510 1340 1561 propria
1364 1512 1448 1550 laus
1468 1518 1530 1550 est

193 1573 418 1624 Pelopidae,
467 1582 622 1615 ceterae
668 1576 748 1615 fere
799 1589 1033 1615 communes
1084 1589 1177 1615 cum
1231 1575 1521 1626 Epaminonda.

190 1651 364 1689 namque
394 1639 436 1678 in
470 1639 678 1680 Leuctrica
708 1654 841 1692 pugna
873 1640 1110 1692 imperatore
1150 1641 1430 1692 Epaminonda
1460 1642 1524 1681 hic
1545 1656 1561 1677 2

189 1703 262 1743 fuit
289 1705 371 1744 dux
396 1705 575 1745 delectae
599 1719 751 1754 manus,
774 1719 876 1757 quae
906 1706 1033 1756 prima
1059 1708 1296 1758 phalangem
1317 1708 1524 1758 prostravit

190 1770 407 1809 Laconum.
466 1770 653 1810 omnibus
679 1778 881 1821 praeterea
904 1770 1088 1822 periculis
1115 1771 1240 1810 adfuit
1261 1771 1391 1823 (sicut,
1413 1774 1523 1824 Spar·
1543 1785 1562 1816 3

132 1846 170 1879 25
190 1841 270 1873 tam
289 1847 337 1874 cu
344 1849 381 1873 m
403 1835 656 1886 oppugnavit,
671 1837 836 1874 alterum
851 1835 978 1875 tenuit
993 1835 1145 1887 cornu),
1161 1849 1322 1887 quoque
1337 1838 1524 1877 Messena

190 1899 353 1938 celerius
382 1900 659 1948 restitueretur,
690 1902 840 1952 legatus
870 1900 911 1939 in
941 1902 1079 1940 Persas
1108 1908 1168 1941 est
1190 1902 1399 1952 profectus.
1458 1904 1523 1943 de-

189 1963 310 2014 nique
339 1965 438 2003 haec
467 1964 540 2003 fuit
567 1966 690 2004 altera
718 1979 887 2016 persona
915 1965 1082 2014 Thebis,
1100 1966 1172 2005 sed
1193 1973 1325 2006 tamen
1346 1969 1522 2008 secunda
1544 1983 1547 1985 ’

188 2028 251 2077 ita,
270 2037 313 2068 ut
330 2029 509 2080 proxima
528 2037 630 2069 esset
652 2030 966 2081 Epaminondae.

243 2094 504 2134 Conflictatus
520 2102 653 2133 autem
667 2102 726 2134 est
740 2109 830 2134 cum
844 2097 1010 2136 adversa
1025 2098 1190 2136 fortuna.
1234 2111 1326 2136 nam
1343 2106 1381 2137 et
1395 2098 1517 2147 initio,
1539 2110 1565 2150 5

131 2174 171 2205 30
190 2158 290 2199 sicut
318 2159 575 2207 ostendimus,
599 2161 717 2199 exsul?
735 2160 859 2212 patria
879 2161 1003 2200 caruit
1022 2169 1074 2210 et,
1094 2176 1186 2201 curn
1207 2162 1452 2202 Thessaliam
1479 2163 1519 2202 in

231 2275 251 2304 3
276 2276 316 2297 eo
332 2276 399 2298 om.
420 2265 492 2296 AB
622 2267 645 2298 6
668 2265 881 2299 unissosius:
905 2278 972 2299 uno
989 2267 1078 2300 codd.
1099 2280 1105 2300 :
1130 2269 1203 2300 uiro
1219 2269 1301 2302 Can.
1391 2279 1434 2300 ex
1450 2270 1517 2312 his]

189 2308 305 2340 chexis
324 2309 383 2340 R:
406 2309 462 2349 tijs
483 2309 544 2341 M:
578 2314 633 2350 tys
658 2321 680 2341 u
783 2312 803 2342 8
827 2321 942 2343 eorum
971 2311 1062 2343 Dan.
1091 2312 1142 2343 P:
1166 2313 1301 2344 exulum
1326 2311 1418 2345 Dan.
1447 2314 1519 2354 (su-

187 2352 327 2393 prascr.)
359 2355 389 2383 et
417 2353 482 2386 rell.
631 2364 653 2394 9
676 2354 854 2386 occubanti
885 2354 976 2387 Dan.
1002 2355 1106 2386 ABP
1234 2367 1278 2388 20
1302 2357 1517 2389 liberatarum

190 2395 330 2436 Madvig
491 2407 533 2429 22
557 2397 590 2428 in
618 2398 793 2430 Leuctrica
821 2397 901 2430 Can.
931 2397 1051 2430 Lamb.
1200 2409 1241 2440 25
1274 2410 1394 2432 essena
1424 2400 1517 2434 Dan.

190 2439 223 2469 A
228 2439 322 2469 BPR
