1746 2740
754 130 995 170 ATTICVS
1429 129 1557 167 XXV.
1576 127 1626 166 iv

209 243 397 284 manitate
436 251 474 283 et
513 242 702 283 doctrina.
781 242 838 282 sic
876 241 982 282 enim
1021 243 1173 282 Graece
1210 241 1459 293 loquebatur,
1498 248 1542 280 ut

209 309 376 349 Athenis
415 317 531 348 natus
564 308 786 356 videretur3
823 315 932 347 tanta
969 315 1102 347 autern
1139 306 1311 346 suavitas
1349 313 1431 345 erat
1468 318 1542 344 ser-

210 375 338 416 monis
371 375 514 422 Latini,
550 382 592 413 ut
631 380 836 425 appareret
873 373 914 412 in
953 388 1002 412 co
1040 369 1218 412 nativum
1251 372 1453 423 quendam
1492 373 1542 410 le—

209 455 345 492 porem
384 455 484 489 esse,
518 454 599 479 non
638 439 841 479 ascitum.'
890 438 995 478 idem
1036 445 1222 490 poemata
1261 436 1542 489 pronuntiabat

171 523 188 554 5
208 514 247 547 et
281 508 432 545 Graece
470 514 509 544 et
554 505 693 544 Latine
737 504 804 552 sic,
855 512 898 543 ut
944 518 1062 556 supra
1108 502 1207 542 nihil
1253 510 1388 554 posset
1432 501 1541 542 addi.

208 570 353 621 quibus
387 571 504 610 rebus
542 572 688 610 sactum
718 578 778 610 est
811 566 857 609 ut
887 571 995 609 Sulla
1033 582 1229 621 nusquam
1251 559 1309 607 'ab
1338 581 1380 607 se
1412 567 1540 607 dimit·
1561 581 1579 604 2

208 644 306 676 teret
341 644 584 688 cuperetque
613 649 753 675 secum
791 637 999 675 deducere.
1072 635 1140 686 qui
1178 648 1269 674 curn
1306 635 1542 686 persuadere

210 708 387 750 tentaret,
418 701 533 750 ‘noli,
565 715 635 740 oro
663 702 728 750 te,'
761 700 889 751 inquit
918 700 1164 752 Pomponius
1205 701 1434 739 ‘adversum
1473 712 1541 738 eos

212 781 275 806 me
306 769 406 807 velle
436 768 592 814 ducere,
627 780 718 806 cum
748 766 893 818 quibus
927 779 978 806 ne
1010 774 1149 805 contra
1178 773 1217 805 te
1249 778 1358 805 arma
1388 766 1539 812 serrem,

155 834 367 874 101taliam
405 833 569 885 reliqui.’
623 841 663 873 at
701 834 809 872 Sulla
845 831 1110 872 adulescentis
1148 831 1279 871 officio
1316 832 1542 870 collaudato

210 900 343 938 omnia
364 913 526 939 munera
546 899 596 947 ei,
609 912 710 950 quae
730 898 899 937 Athenis
918 905 1134 949 acceperat,
1157 897 1411 948 proficiscens
1430 896 1542 935 iussit

209 965 360 1004 deferri.

266 1030 346 1070 Hic
374 1032 598 1082 complures
625 1043 752 1069 annos
782 1037 966 1076 moratus,
993 1043 1083 1068 cum
1111 1028 1150 1068 et
1178 1027 1232 1067 rei
1259 1027 1436 1066 familiari
1460 1035 1541 1066 tan·
1560 1039 1578 1070 3

211 1090 293 1134 turn
329 1109 472 1146 operae
500 1097 621 1142 daret,
652 1103 846 1145 quantum
875 1108 957 1133 non
991 1093 1201 1144 indiligens
1234 1093 1398 1132 deberet
1431 1099 1542 1143 pater

155 1174 190 1207 15
211 1160 388 1209 familias,
410 1168 450 1200 et
469 1160 604 1200 omnia
622 1159 773 1211 reliqua
791 1166 970 1210 tempora
989 1166 1057 1198 aut
1083 1158 1220 1198 litteris
1238 1165 1307 1197 aut
1325 1157 1542 1197 Athenien-

211 1226 312 1265 sium
347 1226 401 1266 rei
434 1226 619 1278 publicae
655 1224 854 1272 tribueret,
890 1224 1015 1264 nihilo
1049 1223 1179 1263 minus
1216 1222 1354 1263 amicis
1392 1222 1542 1262 urbana

211 1291 339 1331 officia
371 1291 571 1344 praestitit.
630 1304 721 1330 nam
750 1298 791 1330 et
822 1290 875 1329 ad
903 1289 1064 1328 comitia
1091 1303 1228 1329 eorum
1258 1287 1461 1328 ventitavit
1490 1295 1539 1335 et,
1561 1300 1582 1330 4

210 1356 242 1396 si
275 1371 355 1408 qua
387 1370 447 1397 res
481 1356 605 1395 maior
635 1363 723 1395 acta
751 1362 822 1404 est,
852 1367 935 1394 non
963 1354 1099 1394 defuit.
1157 1354 1259 1393 sicut
1288 1353 1471 1394 Ciceroni
1501 1353 1540 1392 in

209 1422 396 1462 omnibus
423 1422 508 1462 eius
537 1420 718 1473 periculis
747 1420 984 1471 singularem
1013 1421 1135 1459 fidem
1164 1419 1368 1471 praebuit:
1402 1418 1465 1458 cui
1494 1433 1542 1458 ex

153 1505 193 1528 20
210 1487 334 1538 patria
362 1487 526 1539 fugienti
557 1489 628 1527 HS
658 1489 831 1527 ducenta
854 1493 893 1525 et
922 1485 1210 1537 quinquaginta
1235 1485 1343 1525 milia
1365 1484 1538 1524 donavit.

210 1553 469 1604 tranquillatis
497 1561 631 1592 autem
660 1552 778 1592 rebus
808 1550 1002 1590 Romanis
1031 1550 1252 1602 remigravit
1283 1552 1467 1598 Romam,
1498 1558 1541 1589 ut
1561 1562 1579 1594 5

209 1617 351 1669 opinor
372 1619 415 1656 L.
434 1619 554 1658 Cotta
572 1625 612 1657 et
632 1619 676 1656 L.
695 1619 900 1668 Torquato
916 1616 1169 1655 consulibus:
1198 1629 1318 1666 quem
1338 1615 1543 1655 disceden-

210 1690 291 1722 tem
330 1682 386 1722 sic
423 1683 605 1722 universa
635 1681 771 1721 civitas
805 1681 1110 1720 Atheniensium
1147 1687 1357 1731 prosecuta
1393 1687 1462 1726 est,
1499 1687 1541 1718 ut

211 1747 380 1787 lacrimis
400 1747 585 1788 desiderii
605 1746 723 1786 futuri
743 1747 922 1786 dolorem
943 1745 1144 1785 indicaret.

153 1829 191 1862 25
266 1813 455 1852 Habebat
483 1813 723 1851 avunculum
754 1812 804 1861 Q.
836 1810 1067 1857 Caecilium,
1093 1810 1268 1862 equitem
1298 1811 1538 1859 Romanum,
1559 1820 1585 1859 5

212 1878 441 1918 familiarem
481 1879 524 1917 L.
561 1876 729 1925 Luculli,
759 1876 936 1924 divitem,
966 1875 1196 1915 difficillima
1227 1884 1389 1915 natura:
1429 1875 1541 1915 cuius

212 1943 267 1982 sic
305 1943 556 1994 asperitatem
590 1941 735 1981 veritus
767 1950 838 1990 est,
871 1949 929 1990 ut,
961 1955 1081 1992 quem
1115 1954 1234 1980 nemo
1267 1943 1365 1980 serre
1395 1948 1538 1992 posset,

212 2009 329 2047 huius
363 2008 447 2047 sine
480 2007 701 2047 offensione
731 2008 784 2047 ad
821 2020 1018 2046 summam
1058 2014 1302 2045 senectutem
1340 2006 1541 2046 retinuerit

213 2072 539 2113 benevolentiam.
598 2085 679 2122 quo
699 2073 803 2110 facto
823 2071 911 2110 tulit
931 2070 1086 2122 pietatis
1106 2071 1286 2110 fructum.
1346 2071 1541 2111 Caecilius
1562 2089 1578 2110 2

154 2157 194 2188 30
213 2140 318 2179 enim
350 2138 520 2177 moriens
549 2145 787 2176 testamento
806 2136 1008 2188 adoptavit
1036 2150 1127 2175 eum
1156 2137 1423 2187 heredemque
1449 2137 1541 2176 fecit

213 2219 259 2243 ex
297 2205 516 2243 dodrante:
559 2215 605 2241 ex
643 2215 721 2252 qua
760 2201 977 2241 hereditate
1014 2201 1166 2252 accepit
1204 2201 1356 2240 circiter
1392 2202 1540 2241 centies

256 2311 277 2339 6
302 2318 464 2348 nusquam
489 2318 563 2338 eum
583 2306 702 2339 Lamb.
795 2316 812 2346 7
838 2305 976 2346 quiAB
993 2305 1064 2346 (sed
1076 2306 1154 2338 inA
1173 2318 1193 2346 q
1210 2317 1248 2337 ex
1263 2306 1296 2343 c}
1315 2318 1322 2338 :
1345 2307 1434 2347 quod
1446 2305 1538 2339 MR:

215 2353 267 2383 cui
297 2351 417 2383 Lamb.
598 2361 641 2381 20
666 2350 727 2381 HS
746 2350 863 2381 Lamb.
883 2360 890 2380 t
914 2350 1076 2381 sextertia
1106 2350 1202 2391 (wia)
1227 2349 1328 2387 codd..
1353 2351 1427 2381 ilem
1452 2351 1540 2390 infra

216 2397 246 2426 8.
264 2396 285 2425 6
437 2406 478 2425 22
502 2395 731 2425 discedentem
757 2392 891 2424 Aldus:
916 2394 1003 2424 diem
1022 2393 1109 2426 codd.
