1746 2740
633 134 1050 174 EPAMINOND'AS
1432 135 1521 174 XV.
1542 128 1591 173 iv

170 246 277 287 dicat
302 246 344 287 id
363 248 415 287 ad
446 260 510 287 me
529 253 709 298 ereptum
735 245 971 299 pervenisse,
993 247 1105 298 quod
1124 247 1302 286 delatum
1324 246 1505 299 accipere

170 312 413 352 noluissem.'
466 326 491 351 a
519 325 600 363 quo
628 325 721 351 cum
751 311 980 363 quaesisset,
1012 325 1093 363 quo
1126 325 1169 352 se
1197 311 1346 351 deduci
1374 313 1501 360 vellet,
1525 332 1542 364 5

169 386 208 418 et
227 378 292 418 ille
307 379 487 417 Athenas
506 377 679 426 dixisset,
696 377 937 429 praesidium
957 376 1080 425 dedit,
1102 384 1145 416 ut
1165 384 1252 417 tuto
1271 377 1502 428 perveniret.

169 457 300 495 neque
337 457 430 483 vero
467 443 510 483 id
530 442 640 482 ‘satis
679 442 829 490 habuit,
866 443 938 482 sed
975 441 1106 490 etiam,
1143 449 1186 481 ut
1219 441 1430 482 inviolatus
1464 442 1505 481 in

131 526 149 558 5
169 523 311 550 navem
349 510 592 557 escenderet,
632 522 702 560 per
739 508 955 549 Chabriam
994 508 1294 557 Atheniensem,
1334 509 1386 548 de
1423 522 1505 559 quo

169 590 286 628 supra
324 575 569 615 mentionem
608 574 785 623 fecimus,
818 574 958 614 effecit.
1016 574 1280 614 abstinentiae
1317 574 1389 614 erit
1427 576 1504 614 hoc
1523 583 1544 616 6

170 643 262 683 satis
289 642 572 682 testimonium.
631 642 800 692 plurima
826 641 990 693 quidem
1012 643 1182 693 proferre
1202 641 1411 692 possimus,
1434 642 1505 681 sed

170 709 314 748 modus
342 707 595 747 adhibendus
624 715 698 756 est,
717 707 909 758 quoniam
938 720 1020 746 uno
1048 708 1126 747 hoc
1155 706 1358 746 volumine
1384 706 1504 746 vitam

170 773 445 813 excellentium
466 773 638 812 virorum
665 773 930 824 complurium
954 774 1193 812 concludere
1213 771 1505 822 constituimus,

114 851 152 874 ιο
171 852 339 890 quorum
369 838 579 890 separatim
609 838 742 877 multis
771 838 931 878 milibus
951 852 1135 878 versuum
1165 839 1390 890 complures
1416 838 1506 878 scri-

170 912 302 956 ptores
321 912 414 944 ante
433 917 507 943 nos
526 903 780 955 explicarunt.

225 969 314 1010 Fuit
352 969 471 1009 etiam
510 969 689 1018 disertus,
731 977 773 1009 ut
793 983 932 1009 <nemo
970 970 1006 1009 ei
1036 970 1255 1009 Thebanus
1293 983 1364 1021 par
1400 977 1547 1019 esset5

169 1034 407 1086 eloquentia,
426 1047 557 1085 neque
573 1033 704 1073 minus
724 1034 946 1074 concinnus
966 1034 1006 1073 in
1027 1034 1218 1074 brevitate
1233 1034 1504 1086 respondendi

170 1115 290 1152 quam
318 1100 358 1138 in
385 1108 575 1151 perpetua
601 1100 779 1140 oratione
799 1108 971 1140 ornatus.
1030 1101 1169 1140 habuit
1198 1101 1504 1140 obtrectatorem
1527 1116 1541 1137 2

115 1180 150 1212 ¹5
174 1165 428 1206 Menecliden
457 1167 670 1217 quendam,
702 1165 881 1205 indidem
910 1165 1072 1214 Thebis,
1102 1174 1141 1205 et
1169 1165 1436 1206 adversarium
1465 1166 1506 1205 in

170 1231 484 1271 administranda
512 1245 553 1270 re
582 1231 752 1282 publica,
781 1231 875 1271 satis
903 1232 1159 1271 exercitatum
1188 1231 1229 1270 in
1255 1231 1440 1280 dicendo,
1463 1239 1506 1271 ut

171 1299 411 1337 Thebanum
451 1296 624 1336 scilieet:
668 1311 842 1348 namque
880 1297 935 1336 illi
967 1297 1075 1349 genti
1108 1299 1196 1349 plus
1230 1297 1332 1337 inest
1364 1285 1505 1336 viritim

171 1377 291 1414 quam
321 1363 479 1414 ingenii.
538 1362 570 1402 is
590 1363 701 1414 quod
724 1362 765 1401 in
785 1376 825 1402 re
846 1362 1002 1402 militari
1022 1364 1160 1403 florere
1181 1362 1504 1414 Epaminondam
1525 1378 1544 1410 3

172 1429 342 1478 videbat,
378 1428 524 1468 hortari
557 1428 711 1468 solebat
744 1428 972 1476 Thebanos,
1009 1436 1052 1467 ut
1085 1424 1225 1480 pacem
1259 1427 1367 1468 bello
1399 1436 1507 1467 ante-

115 1509 153 1532 20
172 1496 326 1543 ferrent,
348 1508 399 1534 ne
418 1494 522 1534 illius
546 1493 792 1545 imperatoris
819 1507 939 1545 opera
961 1493 1259 1534 desideraretur.
1318 1493 1412 1533 huic
1441 1493 1507 1534 ille

175 1560 317 1600 ‘fallis'
342 1559 470 1612 inquit
494 1560 637 1600 ‘verbo
666 1559 762 1599 civis
791 1567 893 1607 tuos,
916 1561 1026 1610 quod
1055 1560 1128 1599 hos
1155 1573 1178 1599 a
1204 1560 1311 1599 bello
1339 1572 1506 1600 avocas:

172 1625 242 1665 otii
271 1625 377 1665 enim
411 1625 573 1665 nomine
603 1625 831 1665 servitutem
865 1624 1064 1664 concilias.
1124 1638 1216 1664 nam
1251 1624 1399 1676 paritur
1432 1638 1507 1676 pax
1525 1643 1546 1673 4

173 1691 289 1731 bello.
347 1691 480 1742 itaque
509 1690 578 1742 qui
612 1704 659 1731 ea
692 1690 846 1730 diutina
879 1691 1018 1730 volunt
1051 1690 1135 1739 frui,
1168 1691 1274 1730 bello
1307 1690 1506 1730 exercitati

173 1770 259 1796 esse
279 1757 439 1796 debent.
492 1770 612 1807 quare
632 1755 665 1795 si
685 1755 883 1807 principes
904 1756 1095 1795 Graeciae
1114 1756 1231 1795 vultis
1251 1769 1348 1804 esse,
1370 1755 1506 1795 castris

116 1836 154 1868 25
175 1830 233 1862 est
262 1822 375 1861 vobis
404 1823 612 1870 utendum,
642 1834 723 1860 non
753 1823 970 1872 palaestra.’
1026 1821 1132 1862 idem
1162 1821 1227 1861 ille
1258 1821 1506 1861 Meneclides
1525 1838 1543 1870 5

175 1901 266 1926 cum
287 1887 379 1926 huic
399 1887 584 1934 obiceret,
607 1888 716 1938 quod
742 1886 887 1926 liberos
907 1900 989 1926 non
1010 1887 1173 1927 haberet
1193 1900 1323 1938 neque
1343 1901 1504 1927 uxorem

176 1952 360 2000 duxisset,
390 1951 639 2003 maximeque
668 1951 931 2000 insolentiam,
958 1954 1068 2004 quod
1098 1952 1172 1992 sibi
1193 1953 1506 2003 Agamemnonis

175 2016 269 2056 belli
297 2016 460 2067 gloriam
487 2016 683 2056 videretur
710 2025 973 2057 consecutus:
1006 2025 1047 2057 at
1076 2017 1141 2057 ille
1169 2017 1352 2066 ‘desine,'
1379 2018 1506 2070 inquit

178 2085 188 2103 ⁴
202 2081 439 2130 Menechda,
461 2082 512 2121 de
533 2095 651 2121 uxore
672 2081 769 2120 mihi
789 2082 1046 2133 exprobrare:
1077 2096 1168 2122 nam
1197 2082 1342 2122 nullius
1366 2082 1407 2122 in
1433 2083 1507 2123 ista

116 2161 158 2193 30
176 2161 215 2187 re
254 2147 384 2186 minus
423 2146 478 2186 uti
511 2146 678 2186 consilio
711 2148 826 2186 volo.'
883 2147 1073 2198 (habebat
1111 2147 1218 2187 enim
1258 2147 1524 2193 Meneclides¹

175 2212 441 2264 suspicionem
474 2212 686 2263 adulterii.)
745 2213 876 2264 ‘quod
904 2220 1037 2252 autem
1067 2226 1131 2253 me
1160 2216 1504 2265 Agamemnonem
1524 2224 1545 2257 6

218 2328 238 2358 5
286 2317 488 2349 ascenderet
512 2317 543 2349 θ’
556 2328 562 2348 :
607 2326 698 2348 cons.
735 2327 757 2347 u
939 2328 956 2358 7
996 2318 1168 2358 possimus
1194 2318 1284 2350 AP:
1328 2328 1507 2359 possemus

175 2361 265 2393 rell.:
291 2371 472 2402 possumus
487 2359 584 2392 Fleck.
742 2361 763 2391 8
786 2361 875 2392 uitas
901 2360 973 2392 Vnt.
1002 2371 1088 2402 3170
1220 2372 1259 2393 21
1286 2372 1410 2394 auocas
1432 2373 1455 2394 u
1479 2366 1510 2394 et

175 2404 295 2437 Lamb.
312 2415 319 2437 z
343 2414 465 2436 euocas
480 2403 568 2435 codd.
587 2415 594 2435 :
619 2413 758 2435 reuocas
773 2403 873 2435 Klotz
