1746 2740
738 147 978 188 ATTICVS
1396 145 1523 184 XXV.
1545 141 1607 180 xii

246 262 322 302 His
348 262 464 314 igitur
489 262 605 301 rebus
631 261 761 302 effecit
787 269 830 301 ut
858 263 914 301 M.
938 260 1151 314 Vipsanius
1174 259 1361 312 Agrippa,
1382 257 1521 297 intima
1538 265 1581 294 12

190 327 452 368 familiaritate
485 326 722 367 coniunctus
757 326 1002 367 adulescenti
1039 325 1209 373 Caesari,
1242 338 1334 365 cum
1364 330 1523 376 propter

189 407 300 433 suam
337 393 501 444 gratiam
539 400 579 432 et
616 393 796 433 Caesaris
837 391 1056 443 potentiam
1093 390 1239 431 nullius
1276 387 1524 430 condicionis

189 473 271 498 non
291 459 454 498 haberet
479 465 727 509 potestatem,
760 457 1011 508 potissimum
1036 456 1120 496 eius
1145 456 1334 507 deligeret
1362 452 1525 494 affinita-

151 540 169 572 5
189 532 269 564 tem
316 530 642 575 praeoptaretque
681 522 825 574 equitis
868 522 1042 561 Romani
1086 521 1207 561 filiam
1243 531 1521 572 generosarum

190 589 347 641 nuptiis.
404 597 524 640 atque
553 590 691 627 harum
725 588 950 639 nuptiarum
983 587 1213 627 conciliator
1241 585 1314 625 fuit
1338 584 1436 637 (non
1463 591 1522 623 est
1544 598 1559 620 2

189 655 295 695 enim
325 654 554 706 celandum)
577 656 634 693 M.
660 653 870 701 Antonius,
906 652 1084 692 triumvir
1107 652 1162 691 rei
1187 650 1382 702 publicae,
1410 648 1522 689 cuius

189 721 311 772 gratia
339 734 431 760 cum
459 733 601 772 augere
630 719 902 771 possessiones
938 725 1073 770 posset
1103 730 1204 764 suas,
1241 724 1395 772 tantum
1425 714 1523 754 afuit

189 800 213 826 a
241 786 457 838 cupiditate
485 785 688 837 pecuniae,
713 793 756 824 ut
792 786 901 824 nulla
934 784 974 823 in
1008 797 1050 823 re
1083 797 1177 823 usus
1210 782 1260 822 sit
1293 795 1341 822 ea
1374 780 1448 820 nisi
1481 779 1522 819 in

134 865 174 888 10
190 851 450 903 deprecandis
468 851 685 890 amicorum
706 858 775 890 aut
796 849 978 901 perieulis
998 857 1066 889 aut
1085 847 1362 888 incommodis.
1412 847 1521 898 quod
1541 857 1560 888 3

189 916 352 968 quidem
382 917 457 956 sub
485 916 569 968 ipsa
599 915 885 967 proscriptione
916 915 1136 966 perillustre
1166 913 1250 953 fuit.
1308 926 1402 952 nam
1430 925 1522 952 cum

191 983 234 1021 L.
257 980 388 1022 Saufei
408 981 550 1033 equitis
573 980 757 1029 Romani,
777 980 953 1032 aequalis
976 980 1048 1028 sui,
1065 979 1134 1031 qui
1154 980 1377 1031 complures
1395 990 1523 1017 annos

189 1047 322 1086 studio
352 1047 496 1087 ductus
525 1045 801 1098 philosophiae
831 1044 1002 1085 Athenis
1031 1044 1237 1084 habitabat
1270 1043 1523 1094 habebatque

190 1113 231 1152 in
253 1112 367 1152 Italia
386 1112 576 1164 pretiosas
598 1110 880 1162 possessiones,
905 1110 1096 1150 triumviri
1126 1111 1233 1150 bona
1251 1109 1524 1150 vendidissent

134 1191 145 1214 ι
153 1192 172 1224 5
191 1177 479 1218 consuetudine
512 1191 569 1225 ea,
606 1190 686 1228 qua
723 1184 808 1215 tum
847 1189 908 1215 res
947 1177 1194 1227 gerebantur,
1228 1175 1352 1215 Attici
1389 1175 1524 1215 labore

190 1251 310 1295 atque
338 1242 530 1283 industria
558 1244 706 1282 factum
733 1250 794 1282 est
817 1250 861 1281 ut
881 1243 1025 1282 eodem
1046 1241 1188 1281 nuntio
1209 1241 1388 1282 Saufeius
1414 1242 1524 1280 fieret

191 1308 333 1348 certior
378 1322 419 1348 se
467 1307 748 1360 patrimonium
797 1307 976 1347 amisisse
1018 1315 1058 1347 et
1095 1321 1357 1359 recuperasse.
1415 1307 1523 1348 idem
1542 1321 1563 1352 4

191 1375 235 1413 L.
260 1373 406 1413 Iulium
427 1373 625 1422 Calidum,
648 1386 768 1425 quem
792 1381 883 1425 post
915 1373 1073 1413 Lucreti
1100 1373 1327 1424 Catullique
1355 1380 1523 1414 mortem
1568 1390 1572 1394 ·

191 1441 317 1479 multo
335 1439 671 1490 elegantissimum
699 1446 858 1491 poetam
888 1447 1063 1478 nostram
1084 1438 1219 1478 tulisse
1243 1446 1414 1478 aetatem
1434 1452 1524 1478 vere

134 1518 174 1540 20
191 1505 328 1544 videor
355 1518 473 1556 posse
501 1506 755 1553 contendere,
778 1518 909 1556 neque
937 1504 1068 1544 minus
1093 1504 1219 1544 virum
1245 1505 1398 1544 bonum
1426 1504 1525 1556 opti-

192 1570 346 1621 misque
373 1570 523 1610 artibus
551 1570 779 1619 eruditum3
807 1584 928 1622 quem
949 1578 1040 1621 post
1061 1570 1388 1622 proscriptionem
1418 1569 1525 1620 equi-

190 1644 275 1675 tum
295 1643 455 1687 propter
476 1649 636 1687 magnas
657 1635 741 1675 eius
762 1635 968 1675 Africanas
996 1635 1267 1686 possessiones
1294 1635 1335 1674 in
1364 1634 1523 1686 proscri-

192 1710 349 1752 ptorum
369 1715 578 1741 numerum
594 1715 618 1740 a
635 1703 676 1741 P.
695 1701 928 1750 Volumnio,
948 1702 1147 1752 praefecto
1169 1702 1323 1740 fabrum
1343 1700 1522 1748 Antonii,

191 1768 398 1806 absentem
430 1768 595 1806 relatum
625 1766 834 1818 expedivit.
893 1767 1003 1817 quod
1033 1766 1072 1805 in
1102 1766 1298 1816 praesenti
1328 1775 1458 1806 utrum
1487 1766 1523 1806 ei
1542 1779 1561 1811 5

133 1844 173 1876 25
193 1831 426 1872 laboriosius
455 1846 507 1871 an
533 1832 740 1884 gloriosius
767 1832 894 1880 fuerit,
920 1832 1078 1871 difficile
1107 1840 1166 1872 est
1195 1831 1379 1880 iudicare,
1413 1834 1523 1884 quod

193 1897 233 1936 in
266 1911 403 1936 eorum
437 1896 619 1948 periculis
657 1910 738 1935 non
777 1910 891 1936 secus
923 1897 1108 1936 absentes
1142 1909 1262 1947 quam
1297 1905 1522 1948 praesentes

192 1962 341 2001 amicos
360 1962 496 2001 Attico
515 1975 602 2001 esse
620 1975 737 2001 curae
758 1962 960 2012 cognitum
981 1970 1050 2001 est.

247 2029 391 2078 Neque
419 2041 512 2067 vero
541 2027 605 2067 ille
632 2028 688 2066 vir
713 2027 844 2067 minus
872 2028 1000 2067 bonus
1030 2037 1140 2080 pater
1167 2029 1334 2069 familias
1363 2029 1521 2069 habitus
1541 2043 1584 2079 13

194 2101 254 2133 est
291 2106 410 2144 quam
449 2093 554 2132 civis.
614 2107 706 2132 narn
740 2107 831 2132 curn
870 2102 973 2133 esset
1011 2094 1261 2145 pecuniosus,
1298 2108 1416 2134 nemo
1455 2095 1522 2134 illo

136 2173 178 2205 30
197 2158 325 2197 minus
354 2158 426 2197 fuit
452 2172 574 2206 emax,
599 2158 729 2197 minus
754 2159 993 2198 aedificator.
1051 2173 1181 2211 neque
1210 2168 1343 2199 tamen
1372 2174 1453 2199 non
1484 2161 1522 2199 in

237 2276 257 2304 4
281 2265 439 2304 diligeret
455 2263 564 2294 AHR
741 2274 758 2303 7
784 2264 994 2295 triumuirum
1014 2265 1139 2296 Dt'etsclt
1274 2265 1427 2305 publicae
1443 2275 1524 2298 con-

193 2308 382 2339 stituendae
398 2306 518 2340 Lamb.
655 2317 693 2346 13
716 2307 865 2338 Athenis
880 2308 1051 2340 habitabat
1067 2308 1101 2339 R
1116 2321 1124 2341 ε
1145 2309 1292 2340 Athenis
1307 2319 1374 2341 om.
1392 2308 1502 2341 ΑΒΗ
1518 2321 1525 2341 :

194 2351 365 2382 habitabat
391 2351 539 2382 Athenis
561 2350 659 2391 thp.
809 2362 845 2390 14
869 2352 1005 2383 tresuiri
1031 2352 1156 2384 Dictsclu
1296 2354 1333 2384 18
1357 2353 1523 2385 Calidium

196 2394 258 2434 Gis.
277 2394 348 2425 AR
478 2405 520 2434 25
544 2399 596 2424 est
621 2394 745 2425 Fleck:
770 2395 831 2425 suit
855 2394 943 2427 codd.
1079 2398 1121 2428 28
1145 2397 1199 2428 ille
1225 2398 1276 2428 uir
1300 2398 1408 2429 minus
1433 2396 1523 2429 BH:

195 2438 304 2469 minus
321 2438 377 2468 ille
394 2439 447 2468 uir
462 2438 495 2468 R
513 2450 522 2470 ;
551 2438 606 2469 ille
623 2439 676 2468 uir
695 2437 758 2479 Cili
775 2439 808 2469 A
827 2450 834 2470 ε
859 2438 915 2470 ille
933 2441 1041 2472 minus
1058 2441 1166 2473 Halm

1399 2486 1438 2515 8*
