1718 2746
682 124 999 163 MILTIADES
1467 124 1501 163 I.
1521 122 1537 162 1

182 238 335 278 Lemnii
367 252 438 277 sua
475 245 617 289 sponte
648 239 822 277 facerent
851 239 1101 288 postulasset,
1136 237 1191 277 illi
1226 237 1432 277 irridentes
1465 251 1521 277 re·
1539 254 1556 285 5

180 305 427 355 spondemnt
465 311 547 342 tum
588 303 629 342 id
667 317 709 342 se
747 304 930 351 facturoS,
966 317 1059 342 cum
1091 303 1157 342 ille
1194 305 1318 343 domo
1352 302 1518 342 navibus

181 369 434 420 proficiscens
464 376 585 408 vento
617 368 805 420 aquilone
831 368 1002 408 venisset
1042 371 1252 408 Lemnum.
1309 368 1374 408 hic
1411 367 1517 407 enim

180 443 321 474 ventus
354 435 405 474 ab
439 434 775 486 septentrionibus
804 434 936 473 oriens
966 435 1176 474 adversum
1209 442 1318 474 tenet
1350 432 1519 473 Athenis

143 517 161 548 5
181 500 532 551 proficiscentibus.
593 499 794 539 Miltiades
833 500 1015 539 morandi
1053 508 1209 551 tempus
1247 513 1330 538 non
1367 499 1520 538 habens
1539 505 1558 536 6
1606 540 1612 545 ,

180 579 339 605 cursum
368 565 518 614 direxit,
541 579 621 617 quo
650 566 851 614 tendebat,
872 565 1130 617 pervenitque
1160 566 1466 605 Chersonesum.

238 631 301 671 Ibi
321 631 428 671 brevi
450 640 628 682 tempore
648 632 858 671 barbarum
886 631 1011 682 copiis
1037 631 1222 679 disiectis,
1245 638 1328 670 tota
1347 630 1518 681 regione,
1537 637 1562 665 2

182 711 302 749 quam
344 697 519 749 petierat,
560 697 722 748 potitus,
752 698 841 736 loca
878 697 1048 736 castellis
1088 696 1234 736 idonea
1270 695 1518 743 communiit,

185 763 490 811 multitudinem,
530 776 649 814 quam
688 776 824 802 secum
866 764 1045 811 duxerat,
1080 762 1120 801 in
1165 762 1265 813 agris
1312 761 1521 801 collocavit

129 846 167 867 ιο
183 828 409 880 crebrisque
438 827 735 868 excursionibus
763 828 1030 879 locupletavit.
1089 842 1219 879 neque
1248 827 1378 866 minus
1407 826 1448 866 in
1474 840 1522 866 ea
1542 839 1558 860 2

182 908 224 933 re
247 893 456 945 prudentia
479 907 599 944 quam
629 893 813 932 felicitate
838 892 997 932 adiutus
1022 901 1093 932 est.
1150 907 1242 932 nam
1266 907 1358 932 cum
1378 892 1520 931 virtute

182 959 351 998 militum
378 958 587 998 devicisset
615 958 789 998 hostium
817 958 1022 1007 exercitus,
1050 973 1205 998 summa
1232 957 1431 1009 aequitate
1459 971 1520 996 res

182 1024 387 1064 constituit
417 1032 537 1075 atque
570 1023 655 1074 ipse
685 1023 835 1063 ibidem
864 1037 1026 1063 manere
1056 1023 1240 1063 decrevit.
1301 1031 1383 1063 erat
1412 1023 1518 1062 enim
1541 1036 1558 1065 3

182 1090 284 1129 inter
314 1103 383 1129 eos
413 1089 604 1140 dignitate
635 1089 749 1140 regia,
782 1089 963 1140 quamvis
994 1090 1153 1129 carebat
1183 1089 1356 1137 nomine,
1387 1102 1519 1140 neque

129 1173 167 1206 ¹5
182 1155 224 1195 id
245 1155 368 1206 magis
387 1154 552 1206 imperio
572 1167 692 1204 quam
713 1154 859 1194 iustitia
878 1163 1128 1195 consecutus.
1176 1168 1307 1206 neque
1326 1168 1375 1194 eo
1399 1153 1520 1193 setius

184 1220 504 1268 Atheniensibus,
535 1234 560 1260 a
589 1219 733 1271 quibus
767 1228 848 1259 erat
881 1222 1092 1272 profectus,
1124 1220 1254 1259 officia
1282 1220 1517 1271 praestabat.

183 1285 329 1336 quibus
349 1286 466 1324 rebus
486 1286 606 1325 fiebat
626 1292 668 1324 ut
688 1299 769 1324 non
790 1285 921 1325 minus
948 1299 1086 1325 eorum
1105 1287 1308 1325 voluntate
1327 1292 1519 1336 perpetuo

182 1350 391 1402 imperium
411 1350 619 1398 obtineret,
633 1349 702 1401 qui
723 1350 920 1399 miserant,
935 1364 1055 1402 quam
1076 1350 1244 1399 illorum,
1261 1364 1352 1389 cum
1374 1350 1519 1401 quibus

181 1424 264 1455 erat
291 1417 501 1467 profectus.
559 1417 810 1456 Chersoneso
833 1416 901 1454 tali
930 1417 1053 1455 modo
1078 1416 1294 1455 constituta
1321 1417 1519 1454 Lemnum
1539 1427 1561 1458 4

127 1497 168 1520 20
184 1481 386 1520 revertitur
404 1489 443 1520 et
473 1494 520 1520 ex
549 1488 666 1532 pacto
695 1483 868 1531 postulat
894 1489 937 1520 ut
966 1481 1042 1521 sibi
1070 1481 1210 1520 urbem
1239 1482 1406 1520 tradant.
1465 1480 1519 1519 illi

183 1546 290 1592 enim
323 1546 511 1594 dixerant,
542 1560 634 1586 cum
665 1554 784 1586 vento
817 1547 938 1586 borea
969 1548 1092 1586 domo
1124 1548 1322 1598 profectus
1356 1560 1404 1586 eo
1437 1560 1521 1598 per-

182 1611 364 1660 venisset,
380 1626 465 1652 sese
478 1612 701 1652 dedituros:
723 1626 765 1651 se
776 1620 910 1652 autem
926 1614 1092 1652 domum
1109 1612 1347 1652 Chersonesi
1361 1612 1516 1651 habere.

183 1679 318 1726 Cares,
338 1678 406 1728 qui
426 1686 510 1717 tum
533 1680 730 1717 Lemnum
756 1678 998 1727 incolebant,
1017 1679 1091 1718 etsi
1117 1687 1270 1730 praeter
1287 1678 1518 1728 opinionem
1539 1695 1557 1726 5

182 1757 243 1782 res
271 1743 477 1790 ceciderat,
499 1751 632 1782 tamen
661 1757 743 1783 non
772 1744 892 1791 dicto,
914 1745 984 1783 sed
1010 1745 1187 1783 secunda
1212 1745 1368 1782 fortuna
1386 1744 1520 1782 adver-

127 1824 166 1856 ²5
184 1808 372 1846 sariorum
411 1808 514 1859 capti
553 1808 731 1847 resistere
768 1808 853 1847 ausi
891 1822 973 1848 non
1011 1816 1103 1847 sunt
1146 1816 1265 1859 atque
1303 1822 1350 1847 ex
1391 1808 1519 1847 insula

183 1872 461 1923 demigrarunt.
518 1873 600 1924 pari
628 1873 812 1913 felicitate
841 1882 989 1914 ceteras
1015 1874 1172 1922 insulas,
1195 1887 1298 1925 quac
1324 1874 1518 1923 Cyclades

184 1938 451 1986 nominantur,
471 1939 545 1978 sub
565 1939 869 1978 Atheniensium
890 1939 1040 1990 redegit
1060 1947 1307 1991 potestatem.

239 2002 400 2042 Eisdem
440 2003 684 2055 temporibus
724 2006 928 2044 Persarum
968 2019 1034 2044 rex
1074 2004 1215 2043 Darius
1259 2018 1306 2043 ex
1344 2004 1440 2043 Asia
1477 2003 1516 2043 in
1537 2012 1562 2049 3

185 2070 385 2118 Europam
415 2068 585 2108 exercitu
615 2069 777 2108 traiecto
806 2069 960 2120 Scythis
990 2071 1139 2109 bellum
1165 2069 1305 2108 inferre
1331 2069 1515 2108 decrevit.

124 2149 168 2180 30
184 2142 347 2184 pontem
367 2134 459 2173 fecit
478 2133 518 2173 in
540 2134 679 2173 Histro
699 2134 872 2182 flumine,
895 2148 974 2186 qua
992 2134 1128 2186 copias
1147 2136 1379 2174 traduceret.
1395 2155 1402 2163 ·
1434 2134 1518 2173 eius

184 2199 325 2250 pontiS,
348 2200 444 2239 dum
475 2199 558 2251 ipse
587 2199 754 2247 abesset,
782 2201 969 2239 custodes
997 2200 1152 2251 reliquit
1183 2199 1394 2251 principeS,
1417 2213 1516 2250 quos

230 2313 242 2333 1
269 2309 393 2344 sponte
410 2309 446 2335 ut
463 2316 484 2335 u
596 2315 614 2345 7
639 2304 817 2335 barbarum
835 2303 926 2335 Dan.
944 2303 1036 2335 AP:
1058 2304 1277 2335 barbarorum
1295 2303 1361 2335 rell.
1479 2315 1516 2344 14

181 2357 382 2388 quamquam
403 2347 503 2380 Fleck.
644 2358 682 2388 19
704 2348 891 2380 constituto
905 2346 999 2379 codd.
1009 2348 1151 2389 plerique
1282 2357 1326 2387 3ο
1352 2358 1419 2388 quo
1446 2347 1519 2379 MR

1391 2407 1429 2440 1*
