1746 2740
3 325 31 548 ξ

754 107 994 148 ATTICVS
1363 110 1490 148 XXV.
1513 109 1629 156 xviii?

203 217 310 266 verit,
333 226 486 266 notanS,
508 218 597 270 quis
615 232 639 257 a
659 231 740 269 quo
759 226 867 258 ortus
887 233 988 270 quos
1009 220 1178 259 honores
1198 219 1423 271 quibusque
1443 229 1540 261 tem·

203 283 365 335 poribus
378 283 563 335 cepisset:
584 283 666 335 pari
681 284 804 324 modo
821 283 1000 324 Marcelli
1015 283 1160 324 Claudi
1175 285 1226 324 de
1243 285 1538 334 Marcellorum,
1557 299 1578 330 4

203 347 400 400 Scipionis
433 348 594 389 Corneli
627 355 666 388 et
701 348 799 388 Fabi
831 348 997 388 Maximi
1031 348 1244 388 Fabiorum
1278 357 1318 388 et
1350 349 1539 390 Aemilio-

203 427 300 453 rum.
351 413 496 464 quibus
515 413 623 453 libris
643 413 741 452 nihil
761 422 892 464 potest
913 427 999 454 esse
1019 414 1176 454 dulcius
1196 414 1255 464 iis,
1275 414 1343 466 qui
1363 414 1537 466 aliquam

164 493 182 524 5
204 478 460 530 cupiditatem
510 478 659 518 habent
706 478 870 519 notitiae
917 481 1111 519 clarorum
1150 479 1334 519 virorum.
1410 479 1538 532 attigit
1558 491 1577 525 5

204 543 385 595 poeticen
416 557 587 595 quoque,
610 544 819 593 credimus,
846 559 895 584 ne
925 545 1008 584 eius
1032 559 1168 596 expers
1192 553 1295 585 esset
1323 545 1535 585 suavitatis.

204 623 376 661 namque
403 609 589 657 versibus,
612 609 680 660 qui
711 611 861 649 honore
892 624 1102 662 rerumque
1131 618 1328 662 gestarum
1358 610 1538 662 amplitu-

204 674 297 714 dine
326 683 477 714 ceteros
505 674 642 726 populi
673 675 846 714 Romani
877 675 1164 727 praestiterunt,
1190 675 1371 727 exposuit
1399 675 1464 725 ita,
1495 683 1538 715 ut
1557 684 1577 715 6

204 741 278 779 sub
299 739 540 790 singulorum
568 739 806 792 imaginibus
829 742 933 780 facta
952 741 1279 793 magistratusque
1298 755 1435 781 eorum
1456 755 1538 780 non

146 818 185 840 ιο
202 804 372 856 amplius
395 804 596 856 quaternis
625 805 806 856 quinisve
825 806 1003 847 versibus
1032 806 1304 858 descripserit:
1337 807 1447 858 quod
1476 805 1539 845 vix

203 871 446 910 credendum
468 869 516 909 sit
537 878 665 910 tantas
692 885 752 910 res
769 879 849 911 tam
862 871 1030 911 breviter
1045 871 1220 923 potuisse
1239 871 1439 911 declarari.
1479 879 1539 910 est

202 934 320 974 etiam
341 949 443 974 unus
463 935 562 975 liber
583 938 735 977 Graece
755 939 972 986 confectus,
994 939 1045 977 de
1071 939 1279 977 consulatu
1300 936 1515 978 Ciceronis.

258 1002 465 1040 Hactenus
485 1002 621 1042 Attico
641 1003 730 1042 vivo
752 1003 860 1043 edita
877 1017 902 1043 a
922 1003 1038 1043 nobis
1057 1011 1160 1043 sunt.
1206 1016 1324 1051 nunc,
1345 1001 1534 1054 quoniam
1556 1012 1604 1049 19

203 1068 359 1106 fortuna
384 1080 457 1106 nos
484 1067 712 1118 superstites
742 1068 778 1108 ei
805 1082 891 1108 esse
920 1068 1055 1116 voluit,
1081 1068 1231 1119 reliqua
1255 1081 1537 1119 persequemur

145 1151 181 1182 ¹5
203 1141 253 1180 et,
268 1141 460 1183 quantum
485 1133 742 1184 potuerimus,
755 1148 884 1173 rerum
905 1133 1094 1185 exemplis
1110 1135 1276 1173 lectores
1288 1133 1535 1181 docebimus,

203 1198 304 1238 sicut
337 1213 454 1251 supra
490 1198 810 1251 significavimus,
844 1213 937 1239 suos
967 1198 1111 1250 cuique
1145 1212 1274 1238 mores
1305 1200 1538 1250 plerumque

203 1264 413 1304 conciliare
430 1266 637 1305 fortunam.
694 1278 867 1316 namque
882 1263 947 1303 hic
962 1271 1173 1304 contentus
1193 1263 1332 1303 ordine
1352 1263 1535 1314 equestri,
1559 1280 1574 1301 2

202 1344 295 1381 quo.
311 1338 393 1370 erat
419 1338 538 1379 ortus,
560 1330 601 1370 in
625 1330 871 1371 adfinitatem
902 1328 1079 1381 pervenit
1102 1328 1349 1381 imperatoris
1369 1328 1449 1368 divi
1470 1329 1538 1378 fili,

204 1410 295 1435 cum
316 1396 394 1436 iam
414 1404 506 1436 ante
526 1395 830 1436 familiaritatem
852 1394 936 1434 eius
956 1402 1059 1434 esset
1078 1401 1316 1434 consecutus
1336 1395 1444 1434 nulla
1462 1394 1539 1433 alia

145 1477 184 1499 20
204 1475 244 1500 re
270 1475 389 1513 quam
419 1461 612 1513 elegantia
632 1461 745 1510 vitae,
769 1474 847 1512 qua
873 1466 1025 1500 ceteros
1051 1466 1208 1511 ceperat
1228 1458 1425 1511 principes
1445 1458 1538 1498 civi-

204 1526 293 1566 tatis
324 1526 514 1578 dignitate
548 1526 641 1578 pari,
675 1528 832 1565 fortuna
863 1524 1102 1565 humiliores.
1172 1532 1282 1564 tanta
1314 1524 1419 1564 enim
1452 1538 1538 1576 pro·
1558 1541 1576 1572 3

203 1591 366 1642 speritas
395 1593 605 1632 Caesarem
633 1599 692 1631 est
721 1598 947 1638 consecuta,
983 1597 1026 1629 ut
1054 1588 1152 1628 nihil
1181 1589 1217 1629 ei
1250 1603 1333 1628 non
1359 1588 1537 1629 tribuerit

203 1657 370 1704 fortuna,
401 1658 510 1708 quod
539 1656 725 1707 cuiquam
754 1664 847 1695 ante
876 1654 1070 1702 detulerit,
1102 1662 1141 1694 et
1170 1653 1400 1704 conciliarit,
1426 1656 1536 1706 quod

203 1735 323 1761 nemo
359 1723 491 1762 adhuc
529 1721 624 1761 civis
662 1723 869 1761 Romanus
906 1719 1032 1772 quivit
1068 1718 1271 1770 consequi.
1348 1726 1441 1759 nata
1477 1727 1576 1769 est4

144 1803 183 1835 ²5
204 1795 336 1826 autem
367 1786 501 1826 Attico
530 1785 659 1837 neptis
682 1800 730 1825 ex
755 1785 940 1837 Agrippa,
963 1784 1027 1824 cui
1053 1783 1243 1836 virginem
1268 1783 1389 1823 filiam
1418 1785 1537 1824 collo-

206 1860 319 1891 carat.
379 1853 482 1891 hanc
521 1853 666 1892 Caesar
703 1851 766 1890 vix
803 1850 1028 1891 anniculam
1066 1849 1127 1889 Ti.
1162 1848 1332 1891 Claudio
1371 1850 1536 1899 Neroni,

206 1916 379 1957 Drusilla
417 1924 521 1964 nato,
557 1916 735 1968 privigno
773 1929 856 1964 su0‚
892 1914 1130 1966 despondit:
1174 1928 1276 1966 quae
1306 1914 1536 1955 coniunctio

206 1981 538 2021 necessitudinem
577 1995 712 2021 eorum
751 1981 888 2028 sanxit,
929 1979 1230 2020 familiaritatem
1261 1979 1434 2020 reddidit
1467 1981 1537 2020 sre-

205 2047 464 2097 quentiorem.
523 2046 702 2098 quamvis
728 2054 820 2086 ante
840 2047 938 2086 haec
959 2045 1157 2096 sponsalia
1178 2059 1258 2085 non
1281 2047 1420 2094 solum,
1443 2060 1532 2086 cum
1554 2060 1610 2089 20

253 2162 265 2182 1
292 2151 368 2192 quis
399 2151 541 2192 W6lfflin
650 2162 670 2182 a
695 2161 762 2191 quo
780 2150 812 2181 R
914 2160 934 2181 2
959 2150 1000 2181 de
1015 2149 1075 2181 dcl.
1092 2149 1215 2181 Bosius
1333 2152 1355 2181 6
1378 2150 1535 2191 poeticen

204 2205 339 2237 quoque
358 2195 459 2227 Παῤ.
595 2204 612 2234 7
638 2204 782 2234 namque
806 2194 977 2236 uersibus]
1003 2203 1078 2225 nam
1104 2193 1146 2224 de
1170 2193 1254 2225 uiris
1278 2192 1411 2225 Halm:
1444 2204 1535 2226 nam-

203 2249 270 2278 que
297 2248 385 2270 uers.
414 2239 457 2270 de
483 2239 525 2270 iis
552 2237 651 2279 Nipp.
807 2248 846 2269 10
867 2238 1026 2277 quinisue
1048 2236 1169 2268 Rosius
1283 2246 1321 2276 13
1346 2237 1436 2269 edita
1452 2237 1536 2270 haec

205 2281 240 2312 R
354 2283 393 2314 ¹8
417 2282 479 2324 fili]
500 2281 575 2313 Iulii
592 2280 665 2312 HR
775 2292 818 2312 22
841 2280 1027 2312 Caesarum
1045 2290 1122 2311 eum
1146 2284 1198 2311 est
1224 2279 1287 2320 Gis.
1310 2279 1384 2311 AR
1495 2292 1537 2321 23

205 2324 376 2357 detulerat
400 2325 510 2357 Halm
665 2325 756 2364 quod
787 2325 850 2364 Gffi
881 2323 939 2357 H:
978 2333 1078 2364 quam
1094 2322 1199 2354 ABR
1370 2334 1411 2363 24
1436 2335 1537 2357 nemo

205 2368 316 2400 adhuc
335 2368 398 2409 Gifi
417 2380 425 2401 ε
448 2379 516 2401 om.
533 2367 677 2400 ABHR
