1746 2740
738 117 929 156 CIMON
1282 117 1289 127 ⁰
1469 117 1518 156 V.
1539 117 1587 155 iv

162 227 510 278 praetermittebat.
587 227 685 268 nulli
722 229 823 268 fides
860 228 956 277 eius,
997 227 1096 268 nulli
1133 241 1264 280 opera,
1305 228 1403 268 nulli
1440 242 1502 269 res

162 291 363 331 familiaris
391 293 541 333 defuit:
579 295 726 333 multos
752 293 1019 345 locupletavit,
1051 295 1274 345 complures
1307 306 1501 344 pauperes

163 366 352 407 mortuos,
374 358 443 409 qui
470 360 578 398 unde
601 360 830 398 efferrentur
855 372 938 398 non
961 358 1221 410 reliquissent,
1244 372 1318 398 suo
1338 366 1500 410 sumptu

163 422 310 462 extulit.
369 423 425 463 sic
453 437 496 463 se
524 426 699 475 gerendo
727 423 892 464 minime
925 432 986 464 est
1019 423 1256 473 mirandum,
1286 423 1320 463 si
1353 431 1393 464 et
1420 423 1500 464 vita
1518 440 1539 471 4

126 502 145 536 5
162 487 247 528 eius
267 487 340 527 suit
359 502 497 529 secura
515 496 555 529 et
574 503 680 529 mors
699 490 856 530 acerba.

216 618 446 656 LYSANDER
475 616 819 657 Lacedaemonius
849 631 1034 669 magnam
1064 616 1220 669 reliquit
1248 617 1309 657 sui
1338 618 1497 666 famam,
1518 626 1537 654 1

162 683 286 734 magis
324 682 509 722 felicitate
543 697 663 734 quam
697 683 839 723 virtute
876 691 1053 735 partam:
1096 683 1352 723 Atheniensis
1390 683 1498 723 enim

162 748 203 787 in
235 748 548 799 Peloponnesios
578 757 689 788 sexto
718 757 758 789 et
785 749 975 789 vicesimo
1005 763 1112 788 anno
1142 749 1290 788 bellum
1318 756 1498 801 gerentes

162 814 381 854 confecisse
418 822 591 865 apparet.
653 814 694 854 id
728 828 807 866 qua
840 814 991 854 ratione
1029 822 1267 854 consecutus
1297 814 1347 854 sit
1379 816 1498 854 latet:
1519 830 1536 852 2

104 894 146 918 10
163 893 245 919 non
283 879 389 919 enim
428 879 570 919 virtute
607 879 667 919 sui
706 879 910 928 exercitus,
951 881 1022 919 sed
1060 879 1313 920 immodestia
1349 881 1498 920 factum

162 953 222 985 est
254 945 577 994 adversariorum,
612 945 692 997 qui,
727 947 838 997 quod
872 945 981 986 dicto
1012 945 1220 985 audientes
1258 945 1499 998 imperatori-

162 1011 236 1051 bus
270 1010 350 1050 suis
383 1024 465 1050 non
499 1019 620 1060 erant,
654 1011 837 1063 dispalati
870 1010 911 1050 in
944 1010 1045 1063 agris
1078 1011 1222 1051 relictis
1255 1011 1422 1051 navibus
1456 1011 1497 1050 in

162 1076 337 1116 hostium
371 1084 564 1116 venerunt
597 1084 848 1128 potestatem.
905 1090 986 1128 quo
1019 1078 1124 1116 facto
1154 1077 1420 1117 Athenienses
1455 1091 1497 1117 se

163 1141 491 1182 Lacedaemoniis
520 1142 770 1182 dediderunt.
830 1143 905 1181 hac
933 1142 1104 1182 victoria'
1125 1143 1330 1193 Lysander
1357 1144 1493 1191 elatus,
1516 1153 1535 1185 3

105 1221 141 1253 ¹5
161 1221 251 1246 cum
272 1215 389 1246 antea
409 1220 565 1257 semper
590 1207 777 1247 factiosus
799 1208 1010 1258 audaxque
1030 1206 1176 1255 fuisset,
1199 1207 1255 1247 sic
1275 1206 1350 1247 sibi
1370 1207 1497 1247 indul-

161 1271 220 1320 sit,
253 1280 295 1311 ut
324 1272 408 1312 eius
438 1285 558 1323 opera
591 1272 632 1311 in
666 1271 882 1312 maximum
911 1272 1049 1312 odium
1080 1271 1270 1312 Graeciae
1300 1273 1496 1312 Lacedae-

161 1337 284 1377 monii
315 1337 574 1389 pervenerint.
633 1351 726 1377 narn
751 1351 842 1378 cum
873 1339 976 1377 hanc
996 1351 1157 1377 causam
1185 1337 1493 1378 Lacedaemonii
1513 1351 1535 1383 4

159 1403 407 1443 dictitassent
441 1403 516 1443 sibi
550 1417 636 1443 esse
670 1403 774 1452 belli,
810 1411 853 1443 ut
887 1403 1192 1443 Atheniensium
1231 1403 1493 1454 impotentem

159 1458 474 1509 dominationem
505 1469 770 1521 refringerent,
801 1477 1014 1521 postquam
1042 1470 1150 1521 apud
1178 1471 1311 1520 Aegos
1345 1470 1494 1509 flumen

102 1547 143 1571 20
161 1536 363 1585 Lysander
383 1535 517 1575 classis
538 1535 713 1574 hostium
736 1542 795 1574 est
815 1534 974 1586 potitus,
998 1534 1095 1573 nihil
1121 1534 1230 1574 aliud
1257 1534 1416 1574 molitus
1437 1542 1496 1574 est

159 1614 279 1651 quam
300 1609 342 1640 ut
362 1614 502 1640 omnes
523 1600 700 1640 civitates
721 1599 761 1639 in
783 1613 854 1639 sua
874 1607 1024 1639 teneret
1047 1607 1253 1651 potestate,
1275 1613 1367 1639 cum
1387 1599 1428 1640 id
1453 1613 1495 1640 se

160 1665 567 1705 Lacedaemoniorum
585 1680 704 1706 causa
720 1667 847 1705 facere
861 1664 1071 1704 simularet.
1114 1678 1287 1716 namque
1303 1664 1491 1716 undique,
1513 1681 1531 1713 5

159 1729 226 1780 qui
247 1731 552 1771 Atheniensium
574 1733 691 1772 rebus
713 1731 967 1778 studuissent,
986 1730 1120 1770 eiectis
1136 1731 1276 1770 decem
1297 1731 1494 1782 delegerat

159 1793 199 1832 in
230 1809 309 1834 una
334 1810 492 1848 quaque
513 1797 680 1846 civitate,
704 1798 849 1849 quibus
871 1810 1071 1837 summum
1097 1794 1305 1846 imperium
1325 1802 1494 1846 potesta-

101 1872 140 1905 ²5
160 1866 320 1911 temque
357 1862 537 1902 omnium
575 1877 704 1903 rerum
737 1863 1013 1904 committeret.
1071 1862 1214 1901 horum
1252 1860 1293 1899 in
1326 1874 1493 1900 numero

160 1938 279 1965 nemo
304 1926 600 1978 admittebatur,
619 1929 693 1968 nisi
717 1929 785 1980 qui
813 1938 882 1969 aut
911 1929 994 1969 eius
1024 1922 1197 1979 hospitio
1226 1925 1493 1966 contineretur

157 1997 224 2029 aut
245 2004 287 2029 se
308 1990 409 2032 illius
430 1993 511 2032 sore
531 1993 732 2045 proprium
753 1995 832 2034 fide
847 1995 1106 2034 confirmarat.

212 2056 273 2094 Ita
299 2057 550 2098 decemvirali
578 2067 773 2110 potestate
800 2059 840 2098 in
867 2060 1054 2100 omnibus
1083 2058 1246 2099 urbibus
1275 2056 1489 2097 constituta
1508 2067 1533 2096 2

155 2119 276 2170 ipsius
315 2131 413 2161 nutu
452 2124 587 2163 omnia
620 2125 865 2175 gerebantur.
935 2125 1047 2165 cuius
1086 2126 1137 2164 de
1175 2122 1406 2164 crudelitate
1443 2135 1490 2161 ac

197 2225 218 2256 8
241 2226 405 2258 aduersus
431 2227 699 2268 Pelopennesios
723 2228 818 2262 dett.:
845 2229 1070 2261 Pelonensios
1095 2230 1177 2270 (om.
1202 2230 1250 2263 inl
1275 2228 1367 2260 AP:
1392 2226 1487 2259 Pelo-

155 2269 324 2308 ponensio
350 2270 405 2301 B:
437 2281 512 2302 cum
544 2271 802 2312 Peloponnesiis
834 2273 965 2305 Halm:
1004 2273 1291 2313 Peloponnesium
1325 2270 1493 2303 Vr'elhaber

153 2321 175 2351 9
198 2322 308 2353 neque
326 2313 359 2345 id
375 2314 474 2356 Nipp.
491 2326 498 2346 :
522 2314 555 2346 id
573 2339 580 2347 .
601 2340 609 2348 .
629 2339 638 2347 .
659 2316 749 2348 haud
766 2316 848 2349 latet
863 2315 972 2348 Halm
1094 2327 1133 2357 14
1157 2317 1327 2348 dederunt
1343 2313 1487 2346 AMPR

157 2355 196 2386 18
219 2355 431 2390 dictitassent
447 2369 491 2390 u:
518 2359 703 2391 dictassent
719 2359 809 2392 codd.
947 2370 989 2400 25
1013 2371 1187 2393 numerum
1202 2371 1224 2391 u
