1746 2740
125 119 220 157 VII.
241 118 288 157 vi
602 117 857 158 CORNELI
895 117 1136 157 NEPOTIS

210 230 363 278 bantur,
384 236 435 279 et,
457 229 499 270 id
518 230 628 281 quod
647 242 865 280 numquam
889 227 1009 269 antea*
1033 242 1108 268 usu
1128 236 1288 269 venerat
1310 228 1386 268 nisi
1405 229 1539 280 Olym-

208 295 297 347 piae
325 294 550 343 victoribus,
576 294 732 334 coronis
758 294 886 334 aureis
915 293 1129 346 aeneisque
1154 295 1273 345 vulgo
1302 295 1536 334 donabatur.

209 362 274 400 ille
286 362 508 400 lacrumans
520 361 639 399 talem
655 359 962 399 benivolentiam
976 359 1120 399 civium
1134 373 1293 399 suorum
1307 359 1537 411 accipiebat,

169 442 187 472 4
208 425 464 466 reminiscens
492 424 644 476 pristini
672 424 861 476 temporis
889 424 1155 464 acerbitatem.
1212 432 1424 476 postquam
1451 432 1539 464 astu

209 490 327 539 venit,
350 490 538 530 contione
566 491 758 529 advocata
784 489 840 528 sic
859 489 978 529 verba
1000 488 1107 538 fecit,
1126 496 1169 528 ut
1195 502 1315 528 nemo
1334 497 1415 529 tarn
1434 490 1539 530 serus
1556 504 1574 537 5

207 556 332 604 suerit,
356 555 453 607 quin
473 555 557 595 eius
577 568 712 595 casum
729 554 951 594 lacrumarit
979 554 1265 606 inimicumque
1284 555 1331 594 iis
1349 568 1392 595 se
1411 562 1540 596 osten-

208 621 319 670 derit,
343 634 512 672 quorum
533 633 653 672 opera
671 619 797 671 patria
815 621 952 671 pulsus
978 621 1113 669 fuerat,
1135 619 1303 671 proinde
1321 633 1368 659 ac
1387 619 1421 659 si
1439 620 1539 660 alius

209 688 390 738 populus,
420 699 501 725 non
530 685 595 725 ille
624 684 708 736 ipse
736 684 805 736 qui
833 692 917 723 tum
945 685 1077 732 flebat,
1098 698 1190 724 eum
1219 684 1409 735 sacrilegii
1431 686 1539 725 dam-

173 766 191 797 5
210 759 352 792 nasset.
410 751 588 791 restituta
607 764 699 802 ergo
718 751 811 789 huic
831 758 923 790 sunt
941 749 1100 801 publice
1119 750 1236 799 bona,
1254 749 1465 801 eidemque
1483 750 1539 790 illi

211 816 476 868 Eumolpidae
495 817 720 856 sacerdotes
739 829 869 855 rursus
889 828 1081 866 resacrare
1100 822 1192 854 sunt
1207 815 1346 862 coacti,
1363 814 1432 866 qui
1446 828 1538 854 eum
1560 829 1599 853 ιο

210 883 460 930 devoverant,
483 881 664 933 pilaeque
684 881 783 929 illae,
806 880 847 919 in
876 880 1021 933 quibus
1049 880 1210 920 devotio
1233 881 1357 920 fuerat
1383 879 1536 932 scripta,

210 947 251 986 in
271 960 378 987 mare
397 946 686 998 praecipitatae.

167 1019 190 1059 7
266 1014 381 1051 Haec
397 1011 595 1051 Alcibiadi
617 1011 764 1051 laetitia
782 1025 863 1051 non
884 1010 1001 1066 nimis
1016 1010 1088 1050 fuit
1103 1011 1299 1050 diuturna.
1341 1025 1432 1050 nam
1446 1024 1538 1050 cum

210 1077 247 1117 ei
275 1091 414 1117 omnes
443 1084 573 1117 essent
603 1078 773 1116 honores
802 1076 950 1116 decreti
976 1067 1137 1127 totaque
1166 1090 1226 1116 res
1250 1077 1410 1128 publica
1428 1076 1539 1116 domi

213 1142 384 1193 bellique
413 1141 565 1189 tradita,
596 1150 639 1180 ut
667 1141 784 1181 unius
812 1141 972 1181 arbitrio
999 1149 1208 1193 gereretur,
1227 1149 1266 1181 et
1294 1141 1379 1193 ipse
1407 1149 1539 1193 postu-
1559 1155 1597 1187 15

212 1209 329 1247 lasset
358 1215 400 1247 ut
429 1209 510 1247 duo
539 1207 614 1247 sibi
642 1209 1040 1258 collegaedarentur,
1076 1207 1346 1258 Thrasybulus
1378 1215 1418 1247 et
1445 1206 1540 1246 Adi-

214 1280 381 1321 mantus,
404 1286 534 1323 neque
554 1272 595 1312 id
619 1280 805 1324 negatum
831 1280 944 1319 esset,
967 1274 1091 1312 classe
1110 1271 1150 1310 in
1171 1273 1307 1311 Asiam
1328 1273 1537 1323 profectus,

213 1338 321 1388 quod
349 1338 457 1388 apud
486 1338 640 1387 Cymen
669 1336 799 1376 minus
825 1350 871 1376 ex
898 1337 1092 1376 sententia
1111 1350 1192 1376 rem
1215 1345 1397 1388 gesserat,
1419 1336 1459 1375 in
1485 1336 1541 1375 in-

212 1404 359 1444 vidiam
379 1403 517 1443 recidit
537 1419 543 1442 :
573 1404 670 1443 nihil
691 1403 796 1443 enim
816 1417 907 1444 eum
928 1418 1009 1444 non
1029 1406 1182 1445 efficere
1197 1419 1313 1456 posse
1325 1406 1536 1453 ducebant.

177 1486 193 1509 2
213 1484 260 1510 ex
279 1483 360 1521 quo
380 1470 500 1509 fiebat
519 1477 562 1508 ut
581 1469 716 1508 omnia
744 1469 874 1508 minus
897 1483 1082 1522 prospere
1106 1479 1215 1522 gesta
1238 1473 1379 1523 culpae
1398 1471 1540 1511 tribue-
1558 1485 1600 1508 20

212 1543 308 1583 rent,
331 1549 422 1575 cum
451 1542 518 1574 aut
547 1549 638 1575 eum
668 1537 919 1586 neglegenter
945 1544 1012 1575 aut
1034 1537 1227 1577 malitiose
1247 1538 1386 1578 fecisse
1406 1540 1540 1590 loque-

212 1608 354 1648 rentur,
383 1601 483 1639 sicut
512 1608 595 1639 tum
629 1600 774 1639 accidit
791 1616 798 1639 :
838 1614 930 1640 nam
961 1610 1187 1653 corruptum
1221 1617 1244 1642 a
1277 1618 1366 1655 rege
1399 1618 1539 1655 capere

176 1679 194 1711 3
213 1667 367 1716 Cymen
396 1664 569 1704 noluisse
597 1666 824 1716 arguebant.
883 1666 1016 1718 itaque
1045 1667 1137 1707 huic
1165 1669 1334 1708 maxime
1354 1676 1538 1721 puta'mus

213 1732 317 1770 malo
336 1730 455 1769 fuisse
476 1729 637 1769 nimiam
658 1730 888 1782 opinionem
915 1733 1061 1784 ingenii
1086 1742 1205 1784 atque
1225 1734 1375 1773 virtutis
1394 1749 1402 1773 ι
1430 1734 1540 1774 time-

212 1797 326 1835 batur
346 1795 450 1834 enim
472 1809 552 1834 non
573 1794 703 1834 minus
724 1810 843 1847 quam
864 1799 1108 1850 diligebatur,
1127 1814 1177 1839 ne
1190 1801 1365 1840 secunda
1383 1801 1540 1839 fortuna
1559 1812 1597 1844 25

214 1860 444 1911 magnisque
464 1860 606 1911 opibus
626 1863 751 1901 elatus
772 1864 1018 1914 tyrannidem
1038 1865 1345 1916 concupisceret.
1395 1865 1540 1916 quibus

212 1926 329 1965 rebus
348 1927 494 1965 factum
516 1935 574 1966 est
590 1936 631 1967 ut
652 1930 805 1969 absenti
827 1931 1095 1982 magistratum
1115 1931 1348 1982 abrogarent
1368 1939 1406 1970 et
1418 1930 1538 1970 alium

174 2006 195 2036 4
213 1991 253 2030 in
291 1991 375 2030 eius
412 1994 544 2031 locum
584 1996 875 2036 substituerent.
935 1997 975 2036 id
1009 1997 1072 2036 ille
1107 2005 1149 2036 ut
1178 1996 1337 2044 audivit,
1373 1998 1538 2035 domum

213 2056 351 2096 reverti
373 2057 497 2097 noluit
518 2067 556 2098 et
579 2073 620 2099 se
643 2062 813 2111 Pactyen
835 2062 1001 2100 contulit
1021 2061 1156 2112 ibique
1175 2060 1246 2100 tria
1261 2062 1420 2100 castella
1435 2073 1540 2099 corn-

258 2172 277 2192 2
301 2161 424 2193 laureis
453 2160 682 2195 Westermann
816 2163 1005 2205 taeniisque
1031 2164 1181 2196 Muretus
1326 2175 1345 2202 4
1371 2163 1538 2194 reminisci

214 2204 305 2238 Dan.
326 2205 359 2235 A
378 2217 385 2236 :
409 2206 580 2238 reminissi
604 2206 638 2237 P
753 2212 827 2239 astu
845 2207 901 2240 M:
935 2213 1043 2239 astum
1064 2207 1154 2238 Dan.
1184 2206 1369 2238 ABPRu:
1404 2207 1437 2237 in
1463 2212 1539 2238 astu

213 2247 311 2289 thop.
414 2251 435 2279 6
458 2260 538 2281 casu
563 2249 663 2281 illacr.
691 2250 789 2291 Nipp.
898 2261 939 2291 23
962 2256 1117 2291 putamus
1142 2261 1187 2282 u:
1219 2251 1422 2290 imputamus
1447 2249 1535 2281 codd.

214 2301 255 2331 24
281 2291 369 2323 malo
391 2302 525 2324 causam
549 2292 654 2324 BMR
742 2294 843 2325 fuisse
860 2304 926 2326 om.
944 2293 980 2326 Ρ
1138 2303 1182 2333 29
1206 2292 1355 2333 Pactyen
1380 2292 1537 2326 Onelius:

216 2333 365 2375 Paetyae
393 2334 483 2367 Dan.
498 2335 569 2367 AB
585 2347 593 2367 ε
617 2335 732 2368 Pactie
747 2335 781 2367 P
