1746 2740
161 122 288 162 XXV.
306 134 338 161 v
645 123 900 164 CORNELI
928 122 1169 164 NEPOTIS

209 249 226 281 3
245 234 477 275 sestertium.
546 243 627 275 erat
665 242 788 286 nupta
825 248 934 274 soror
966 234 1087 274 Attici
1121 235 1171 284 Q.
1207 233 1340 273 Tullio
1373 232 1568 281 Ciceroni,

244 313 390 351 easque
428 300 584 352 nuptias
625 302 680 339 M.
717 301 859 340 Cicero
895 298 1132 346 conciliarat,
1172 312 1262 342 cum
1302 311 1383 349 quo
1419 312 1444 337 a
1479 311 1571 338 con-

245 365 481 416 discipulatu
505 361 661 405 vivebat
690 364 1026 413 coniunctissime,
1045 365 1170 404 multo
1198 363 1317 404 etiam
1345 362 1571 403 familiarius

245 443 365 481 quam
384 444 476 470 cum
497 429 664 480 Quinto,
684 437 726 469 ut
746 429 909 469 iudicari
929 429 1052 480 possit
1071 431 1160 480 plus
1186 428 1226 468 in
1251 428 1425 468 amicitia
1443 429 1571 467 valere

205 510 224 539 4
244 494 543 535 similitudinem
578 509 732 535 morum
765 508 887 546 quarn
919 494 1159 534 affinitatem.
1222 493 1405 533 utebatur
1436 499 1569 532 autem
1590 507 1609 539 5

244 559 382 599 intime
412 562 460 611 Q.
493 548 722 608 Hortensio,
748 559 827 611 qui,
853 559 900 599 iis
930 558 1173 611 temporibus
1203 557 1466 610 principatum
1494 559 1572 597 elo-

244 625 429 676 quentiae
462 626 633 673 tenebat,
668 633 712 665 ut
744 624 917 676 intellegi
949 638 1031 664 non
1063 631 1208 675 posset,
1239 630 1326 663 uter
1357 635 1450 662 eum
1482 623 1578 674 plus-

243 690 432 741 diligeret,
458 690 599 731 Cicero
622 704 673 730 an
703 689 966 730 Hortensius:
1000 697 1050 738 et,
1078 689 1120 729 id
1148 689 1257 740 quod
1286 695 1368 728 erat
1395 687 1572 727 difficilli-

244 768 367 804 mum,
387 754 581 795 efficiebat
606 762 660 803 ut,
682 754 783 806 inter
802 768 902 806 quos
922 762 1053 794 tantae
1073 753 1200 794 laudis
1220 760 1322 793 esset
1344 751 1567 800 aemulatio,

245 821 353 860 nulla
398 820 658 860 intercederet
704 802 939 859 obff‘ectatio
986 827 1168 870 essetque
1215 818 1352 858 talium
1398 817 1568 857 virorum
1590 830 1632 854 10

244 886 399 936 copula.

196 956 224 993 6
299 951 348 989 In
386 963 426 989 re
464 949 624 1000 publica
660 948 713 988 ita
750 956 809 988 est
842 956 1026 997 versatus,
1061 956 1105 988 ut
1142 961 1297 999 semper
1333 947 1570 1000 optimarum

244 1014 414 1066 partium
440 1022 479 1053 et
505 1022 607 1054 esset
633 1021 672 1053 et
698 1013 992 1062 existimaretur,
1014 1027 1144 1064 neque
1171 1021 1305 1053 tamen
1330 1026 1372 1052 se
1391 1011 1570 1052 civilibus

243 1078 428 1118 fluctibus
454 1078 730 1128 committeret,
750 1080 859 1129 quod
883 1092 964 1118 non
991 1078 1114 1128 magis
1133 1091 1202 1118 eos
1221 1077 1262 1117 in
1287 1091 1358 1117 sua
1376 1084 1570 1129 potestate

242 1142 491 1183 existimabat
520 1156 615 1191 esse,
639 1142 706 1194 qui
735 1157 777 1182 se
805 1142 866 1182 his
892 1143 1106 1192 dedissent,
1128 1157 1247 1194 quarn
1271 1143 1340 1195 qui
1366 1142 1570 1183 maritimis
1590 1157 1628 1190 ¹5

206 1226 222 1248 2
242 1208 487 1248 iactarentur.
545 1209 716 1260 honores
746 1200 834 1247 nori
860 1208 982 1260 petiit,
1014 1221 1106 1247 curn
1138 1208 1174 1248 ei
1207 1216 1385 1260 paterent
1412 1216 1571 1260 propter

242 1274 304 1312 vel
323 1273 485 1324 gratiam
501 1274 563 1313 vel
582 1273 814 1324 dignitatem
830 1288 838 1312 :
868 1275 977 1325 quod
997 1287 1128 1325 neque
1147 1274 1227 1325 peti
1248 1288 1357 1314 more
1377 1274 1568 1314 maiorum

242 1351 373 1389 neque
392 1338 478 1389 capi
499 1346 661 1389 possent
680 1338 919 1378 conservatis
939 1339 1090 1390 legibus
1111 1339 1151 1378 in
1171 1347 1251 1378 tam
1267 1339 1379 1379 effusi
1397 1339 1570 1379 ambitus

242 1402 512 1453 largitionibus
538 1416 668 1454 neque
682 1405 771 1453 geri
786 1416 808 1442 e
827 1416 868 1442 re
894 1403 1053 1454 publica
1079 1404 1163 1444 sine
1183 1404 1357 1455 periculo
1377 1403 1568 1455 corruptis

204 1482 221 1512 3
242 1467 408 1506 civitatis
438 1468 622 1507 moribus.
680 1468 733 1507 ad
759 1450 911 1507 hastam
931 1468 1131 1519 publicam
1153 1483 1369 1520 numquam
1389 1468 1564 1509 accessit.
1588 1481 1630 1504 20

243 1532 387 1572 nullius
403 1532 457 1572 rei
476 1545 607 1583 neque
626 1527 738 1583 praes
758 1546 888 1584 neque
904 1519 1090 1585 maiiceps
1109 1535 1235 1574 factus
1249 1542 1318 1574 est.
1367 1533 1567 1574 neminem

243 1611 373 1649 neque
402 1611 475 1637 suo
503 1598 665 1637 nomine
693 1611 824 1649 neque
853 1587 1104 1638 subscribens
1132 1599 1342 1648 accusavit,
1369 1599 1409 1638 in
1435 1599 1495 1639 ius
1517 1600 1569 1639 de

206 1683 224 1711 4
243 1676 313 1702 sua
341 1676 381 1702 re
411 1676 630 1714 numquam
658 1662 713 1711 iit,
744 1663 935 1712 iudicium
964 1665 1116 1703 nullum
1150 1664 1299 1703 habuit.
1357 1665 1568 1703 multorum

243 1730 451 1767 consulum
472 1737 775 1780 praetorumque
795 1731 1056 1780 praefecturas
1084 1731 1234 1769 delatas
1255 1729 1310 1770 sic
1335 1729 1500 1781 accepit,
1527 1735 1569 1768 ut

244 1793 443 1832 neminem
465 1793 504 1832 in
525 1793 767 1844 provinciam
787 1794 835 1833 sit
856 1802 1025 1842 secutuS,
1043 1795 1194 1834 honore
1213 1794 1328 1833 fuerit
1347 1802 1567 1841 contentus
1591 1807 1629 1840 25

243 1857 298 1896 rei
327 1858 525 1897 familiaris
555 1858 775 1910 despexerit
803 1860 996 1898 fructum:
1028 1859 1094 1909 qui
1124 1872 1175 1898 ne
1207 1872 1297 1898 cum
1329 1861 1378 1909 Q.
1409 1859 1569 1910 quidem

245 1922 438 1962 Cicerone
458 1923 622 1962 voluerit
643 1923 697 1962 ire
723 1923 763 1962 in
784 1923 930 1971 Asiam,
954 1937 1045 1962 cum
1065 1925 1172 1975 apud
1192 1937 1283 1963 eum
1304 1924 1419 1974 legati
1439 1925 1569 1962 locum

245 1988 423 2027 obtinere
438 1997 582 2039 posset.
622 2002 703 2027 non
723 1988 829 2027 enim
849 1990 990 2028 decere
1010 2003 1052 2028 se
1066 1989 1336 2037 arbitrabatur,
1354 2002 1443 2028 cum
1465 2002 1572 2039 prae-

207 2070 223 2100 ⁵
243 2060 370 2091 turam
395 2063 528 2102 gerere
555 2052 756 2100 noluisset,
784 2055 974 2091 asseclam
1001 2066 1087 2092 esse
1117 2055 1314 2103 praetoris.
1372 2067 1451 2104 qua
1470 2053 1509 2091 in
1530 2065 1570 2091 re

244 2130 325 2155 non
350 2118 478 2156 solum
508 2117 688 2168 dignitati
713 2117 918 2166 serviebat,
938 2119 1008 2157 sed
1035 2118 1152 2156 etiam
1175 2118 1458 2168 tranquillitati,
1475 2130 1567 2156 cum
1588 2128 1630 2158 30

245 2181 489 2232 suspiciones
519 2195 679 2232 quoque
708 2182 844 2222 vitaret
878 2182 1097 2221 criminum.
1155 2196 1236 2232 quo
1266 2183 1383 2221 fiebat
1414 2190 1454 2220 ut
1483 2182 1567 2220 eius

245 2246 493 2285 observantia
531 2246 716 2286 omnibus
754 2255 856 2286 esset
895 2247 1028 2294 carior,
1060 2261 1150 2285 cum
1189 2260 1275 2285 earn
1315 2246 1455 2294 officio,
1487 2260 1567 2284 non

246 2311 374 2349 timori
398 2309 526 2361 neque
547 2312 629 2362 spei
651 2312 766 2350 tribui
789 2312 974 2351 viderent.

341 2427 362 2456 9
386 2422 479 2446 tanta
497 2415 618 2446 Bosius
754 2419 791 2446 18
815 2417 929 2448 effusis
946 2416 979 2447 R
1115 2428 1154 2456 ¹9
1178 2418 1247 2455 geri
1264 2417 1337 2448 add.
1358 2416 1476 2448 Lamb.
