1746 2740
767 141 910 180 DION
1489 143 1539 182 X.
1561 141 1593 180 ii

172 258 215 291 ut
247 265 290 292 se
320 250 357 292 ei
396 259 523 292 totum
563 253 742 292 traderet.
815 265 946 303 neque
977 265 1070 292 vero
1107 251 1238 291 minus
1276 251 1360 303 ipse
1396 253 1508 291 Plato

172 317 389 356 delectatus
426 325 486 357 est
521 317 663 357 Dione.
722 317 855 368 itaque
889 330 980 356 cum
1011 331 1035 356 a
1068 316 1261 368 Dionysio
1299 316 1508 357 crudeliter

171 381 338 422 violatus
376 390 490 430 esset,
530 382 678 434 quippe
717 396 836 433 quem
876 382 1109 422 venumdari
1146 381 1333 430 iussisset,
1373 389 1507 422 tamen

172 449 315 488 eodem
335 447 450 488 rediit
465 447 642 488 eiusdem
662 447 803 488 Dionis
819 448 1002 500 precibus
1022 449 1230 488 adductus.
1289 447 1446 488 interim
1467 447 1507 487 in
1527 463 1547 494 4

134 526 152 560 5
173 513 356 552 morbum
386 512 524 553 incidit
556 512 784 564 Dionysius.
841 527 922 564 quo
948 526 1040 552 curn
1067 512 1174 564 gravi
1202 512 1504 560 conflictaretur,

172 578 365 630 quaesivit
398 592 421 618 a
453 577 617 618 medicis
651 577 769 627 Dion,
803 592 923 630 quem
955 580 1008 618 ad
1046 579 1211 619 modum
1250 592 1292 619 se
1330 579 1504 627 haberet,

173 643 369 695 simulque
394 644 447 683 ab
473 643 519 683 iis
545 643 669 696 petiit,
691 643 723 683 si
744 645 843 684 forte
864 643 1002 683 maiori
1032 651 1135 684 esset
1163 643 1350 695 periculo,
1373 651 1416 684 ut
1432 644 1507 684 sibi

174 711 410 749 faterentur:
452 723 543 748 nam
578 711 678 749 velle
712 724 754 750 se
784 723 876 749 cum
915 723 964 750 eo
1002 709 1176 761 colloqui
1213 711 1265 750 de
1298 709 1507 762 partiendo

174 788 306 826 regno,
328 776 438 826 quod
467 774 611 814 sororis
642 789 736 815 suae
768 775 868 816 filios
899 790 946 816 ex
979 775 1048 815 illo
1076 783 1190 816 natos
1219 782 1370 827 partem
1400 775 1508 827 regni

119 857 157 880 10
175 841 339 892 putabat
372 841 518 881 debere
551 841 710 881 habere.
767 842 807 881 id
840 841 986 882 medici
1023 855 1105 881 non
1144 849 1350 881 tacuerunt
1380 849 1420 881 et
1456 842 1508 881 ad
1530 854 1547 886 5

177 905 412 956 Dionysium
429 906 552 945 filium
566 921 790 947 sermonem
806 909 1050 947 rettulerunt.
1099 921 1180 958 quo
1193 907 1257 947 ille
1270 914 1506 955 commotus,

173 986 223 1011 ne
242 971 385 1023 agendi
405 980 508 1012 esset
531 972 652 1012 Dioni
679 981 864 1024 potestas,
887 973 986 1025 patri
1013 987 1195 1024 soporem
1218 973 1395 1013 medicos
1415 974 1508 1013 dare

173 1038 312 1089 coegit.
381 1039 459 1078 hoc
488 1052 603 1090 aeger
634 1047 794 1091 sumpto
824 1047 867 1078 ut
899 1053 1041 1079 somno
1079 1038 1230 1090 sopitus
1269 1038 1375 1078 diem
1410 1037 1508 1078 obiit

174 1117 412 1154 supremum.

117 1183 154 1215 15
229 1172 326 1209 Tale
360 1169 514 1210 initium
547 1170 619 1210 fuit
653 1170 793 1210 Dionis
832 1179 871 1210 et
911 1170 1091 1222 Dionysii
1130 1170 1349 1218 simultatis,
1383 1184 1508 1221 eaque
1529 1175 1552 1212 3

176 1234 308 1274 multis
355 1235 471 1274 rebus
508 1243 625 1275 aucta
661 1244 730 1275 est.
807 1237 878 1276 sed
917 1243 1048 1275 tamen
1091 1235 1226 1287 primis
1265 1234 1508 1286 temporibus

174 1300 418 1351 aliquamdiu
445 1299 628 1340 simulata
648 1301 748 1340 inter
773 1315 842 1341 eos
867 1301 1040 1340 amicitia
1067 1300 1221 1341 mansit.
1280 1315 1372 1340 cum
1401 1300 1508 1340 Dion

175 1379 255 1404 non
282 1365 487 1406 desisteret
513 1366 721 1406 obsecrare
750 1366 996 1417 Dionysium,
1029 1374 1072 1406 ut
1104 1368 1310 1406 Platonem
1341 1365 1508 1405 Athenis

174 1438 385 1470 arcesseret
418 1438 456 1470 et
487 1430 570 1471 eius
601 1431 776 1470 consiliis
807 1438 995 1480 uteretur,
1027 1430 1102 1478 ille,
1135 1430 1202 1482 qui
1233 1431 1273 1469 in
1302 1430 1434 1482 aliqua
1468 1445 1508 1470 re

116 1512 156 1536 20
174 1499 290 1536 vellet
310 1505 460 1548 patrem
482 1497 637 1546 imitari,
658 1510 809 1536 morem
835 1496 870 1536 ei
896 1496 1026 1548 gessit.
1085 1497 1310 1547 eodemque
1330 1504 1508 1547 tempore
1532 1511 1547 1532 2

176 1562 380 1602 Philistum
413 1563 643 1603 historicum
674 1565 884 1614 Syracusas
914 1562 1078 1611 reduxit,
1101 1562 1305 1602 hominem
1334 1562 1507 1602 amicum

173 1642 255 1667 non
279 1629 401 1680 magis
428 1636 594 1680 tyranno
618 1643 737 1680 quam
767 1628 950 1679 tyrannis.
1010 1629 1081 1668 sed
1108 1629 1158 1668 de
1182 1629 1259 1668 hoc
1280 1628 1319 1667 in
1340 1642 1389 1668 eo
1409 1628 1510 1668 libro

174 1695 283 1744 plura
304 1702 395 1734 sunt
414 1694 602 1746 exposita,
618 1694 686 1746 qui
707 1695 757 1734 de
778 1693 972 1733 historicis
994 1693 1155 1734 Graecis
1175 1693 1421 1745 conscriptus
1438 1701 1507 1733 est.

176 1760 288 1798 Plato
320 1767 452 1799 autem
493 1767 645 1799 tantum
685 1761 792 1811 apud
837 1757 1073 1809 Dionysium
1111 1757 1344 1798 auctoritate
1382 1757 1510 1809 potuit
1531 1772 1548 1802 ,ι

117 1839 154 1872 25
175 1824 374 1876 valuitque
387 1825 682 1876 eloquentia,‘ut
701 1826 737 1865 ei
758 1824 991 1877 persuaserit
1012 1823 1229 1875 tyrannidis
1249 1825 1376 1864 facere
1390 1825 1509 1863 finem

174 1890 474 1941 libertatemque
495 1892 659 1931 reddere
680 1891 942 1942 Syracusanis.
1003 1904 1027 1929 a
1048 1903 1126 1941 qua
1139 1891 1342 1930 voluntate
1358 1888 1510 1928 Philisti

173 1954 340 1994 consilio
360 1955 565 1995 deterritus
585 1956 789 2007 aliquanto
809 1956 1005 1997 crudelior
1025 1970 1111 1996 esse
1131 1955 1272 2006 coepit.

229 2020 309 2070 Qui
339 2020 500 2072 quidem
530 2035 621 2061 cum
650 2036 674 2062 a
705 2022 837 2063 Dione
866 2037 908 2063 se
942 2022 1115 2075 superari
1150 2022 1300 2062 videret
1338 2019 1510 2072 ingenio,
1529 2031 1555 2069 4

175 2085 417 2135 auctoritate,
438 2100 572 2127 amore
592 2088 740 2140 populi,
764 2102 901 2128 verens
922 2102 983 2137 ne,
1006 2088 1038 2128 si
1059 2101 1149 2128 eum
1179 2101 1313 2127 secum
1335 2086 1508 2133 haberet,

119 2163 158 2195 30
175 2149 348 2201 aliquam
372 2151 624 2192 occasionem
652 2153 711 2192 sui
739 2154 849 2193 daret
878 2153 1140 2205 opprimendi,
1173 2166 1314 2192 navem
1343 2151 1379 2191 ei
1408 2150 1511 2190 trire-

224 2265 236 2285 1
263 2255 336 2295 ipse
360 2255 433 2290 Pu:
463 2267 529 2289 om.
559 2257 624 2290 rell.
780 2269 800 2289 2
826 2257 1010 2300 Dionysio]
1038 2257 1205 2298 Dionysio
1235 2261 1384 2297 tyranno
1410 2254 1511 2287 A’u:

177 2302 324 2338 tyranno
336 2299 432 2341 Nipp.
568 2311 588 2340 3
612 2301 729 2343 quem]
757 2303 813 2341 qui
838 2312 915 2333 eum
940 2301 1035 2333 Cobet
1168 2309 1205 2339 13
1231 2311 1336 2341 aeger
1357 2299 1511 2331 ABRu:

177 2342 247 2381 egit
263 2343 316 2374 P:
339 2353 423 2383 ergo
435 2343 477 2374 M
562 2350 696 2385 sumpto
714 2350 749 2376 ut
767 2346 847 2387 (om.
864 2344 918 2387 M)
936 2355 1055 2377 somno
1074 2346 1207 2386 (sumno
1224 2343 1314 2377 Dan.
1330 2355 1338 2376 τ
1366 2354 1510 2385 sompno

178 2384 223 2434 F)
248 2386 335 2418 codd.
355 2398 362 2418 :
395 2392 430 2419 ut
454 2398 574 2421 somno
597 2388 658 2421 dcl.
678 2389 776 2430 Nt'pp.
945 2399 986 2420 22
1009 2398 1109 2428 quam
1134 2387 1308 2429 tyrannidi
1334 2387 1510 2420 Ascensius

177 2438 212 2459 in
228 2439 269 2461 eo
285 2439 361 2462 meo
375 2430 518 2462 ABMR
