1746 2740
147 121 266 160 VIII.
287 120 334 159 iii
633 118 887 160 CORNELI
916 118 1158 159 NEPOTIS

190 243 214 281 3
287 235 380 274 Hoc
399 233 556 274 deiecto
577 231 791 272 Pausanias
810 231 917 272 venit
937 221 1079 271 Atticis
1102 231 1258 280 auxilio,
1281 245 1347 272 rex
1368 233 1562 273 Lacedae-

233 299 466 339 moniorum.
524 298 557 338 is
586 297 686 338 inter
714 297 1007 348 Thrasybulum
1036 304 1075 336 et
1098 310 1179 345 eos,
1208 297 1275 348 qui
1299 297 1436 337 urbem
1458 305 1564 338 tene·

233 364 341 413 bant,
369 363 462 404 fecit
490 376 629 415 pacem
659 361 720 401 his
748 360 1076 401 condicionibus:
1105 375 1156 400 ne
1185 361 1253 412 qui
1287 369 1440 413 praeter
1472 374 1562 402 xxx

233 437 419 481 tyrannos
444 435 483 468 et
509 440 548 476 x,
577 427 646 479 qui
674 434 812 479 postea
840 434 1039 478 praetores
1068 426 1186 467 creati
1216 426 1426 478 superioris
1453 440 1563 467 more

233 494 473 537 crudelitatis
493 500 603 533 erant
622 492 696 542 usi,
714 493 962 532 afficerentur
987 492 1103 532 exilio
1128 506 1228 532 neve
1257 493 1364 532 bona
1389 492 1564 544 publica·
1583 509 1602 542 5

198 566 389 600 arentur:
426 558 482 598 rei
510 557 693 610 publicae
722 557 946 609 procuratio
978 559 1128 608 populo
1159 558 1398 597 redderetur.
1457 571 1564 608 prae-

233 627 380 665 clarum
401 625 479 664 hoc
499 637 659 676 quoque
678 622 926 674 Thrasybuli,
949 623 1058 674 quod
1078 622 1330 665 reconciliata
1344 636 1455 674 pace,
1471 636 1563 662 cum

233 690 446 741 plurimum
475 687 516 728 in
545 687 702 728 civitate
727 693 876 739 posset,
894 688 1022 738 legem
1047 686 1147 735 tulit,
1169 700 1220 727 ne
1240 686 1328 738 quis
1353 694 1446 726 ante
1463 693 1566 726 acta-

233 768 320 795 rum
340 768 468 795 rerum
488 760 736 794 accusaretur
754 766 854 792 neve
874 753 1112 800 multaretur,
1136 765 1304 803 eamque
1323 751 1379 791 illi
1404 751 1566 791 oblivio-

198 831 216 863 3
235 819 296 859 nis
314 820 572 871 appellarunt.
630 831 762 869 neque
777 830 870 856 vero
889 817 992 856 hanc
1008 824 1163 856 tantum
1183 818 1386 856 ferendam
1402 816 1563 866 curavit,
1585 833 1625 857 10

234 885 306 924 sed
331 883 449 924 etiam
476 891 519 923 ut
544 884 689 923 valeret
715 882 854 922 effecit.
913 895 1006 922 nam
1035 895 1127 922 cum
1155 882 1318 933 quidam
1347 895 1394 921 ex
1417 881 1474 930 iis,
1496 880 1565 932 qui

235 949 351 990 simul
371 963 462 989 cum
483 962 531 989 eo
551 949 591 988 in
611 948 728 988 exilio
747 950 911 996 fuerant,
933 948 1098 988 caedem
1111 949 1239 987 facere
1255 961 1391 987 eorum
1406 948 1563 995 vellent,

236 1028 327 1054 cum
357 1013 500 1065 quibus
529 1013 570 1053 in
598 1012 760 1066 gratiam
790 1011 960 1052 reditum
994 1019 1075 1052 erat
1099 1012 1268 1064 publice,
1300 1011 1500 1063 prohibuit
1526 1018 1565 1051 et

236 1079 278 1119 id
298 1080 406 1130 quod
425 1078 623 1130 pollicitus
643 1084 724 1117 erat
743 1076 943 1129 praestitit.

190 1154 218 1193 4
293 1143 401 1183 Huic
421 1156 492 1195 pro
512 1142 629 1182 tantis
650 1141 798 1182 meritis
816 1141 979 1181 honoris
999 1154 1147 1181 corona
1165 1154 1189 1181 a
1211 1143 1361 1193 populo
1381 1142 1474 1181 data
1493 1148 1563 1190 est,
1588 1159 1624 1191 15

236 1211 339 1249 facta
358 1208 513 1249 duabus
525 1207 682 1259 virgulis
702 1207 902 1258 oleaginis.
961 1221 1081 1258 quam
1101 1208 1212 1258 quod
1231 1220 1342 1246 amor
1361 1206 1506 1246 civium
1526 1214 1565 1246 et

236 1288 318 1314 non
337 1273 395 1313 vis
418 1280 668 1324 expresserat,
691 1274 840 1312 nullam
867 1272 1006 1312 habuit
1033 1271 1222 1311 invidiam
1249 1285 1470 1323 magnaque
1493 1271 1565 1311 fuit

199 1359 215 1382 2
237 1339 368 1390 gloria.
427 1338 529 1378 bene
549 1351 641 1389 ergo
662 1337 837 1376 Pittacus
857 1337 932 1385 ille,
948 1337 1015 1388 qui
1028 1338 1069 1388 {n
1083 1349 1141 1375 vu
1163 1336 1384 1388 sapientum
1400 1350 1566 1377 numero

237 1410 296 1443 est
324 1403 493 1450 habitus,
524 1415 616 1442 curn
647 1401 877 1453 Mytilenaei
906 1403 1030 1441 multa
1058 1401 1166 1440 milia
1203 1400 1380 1452 iugerum
1418 1402 1498 1452 agri
1529 1401 1565 1441 ei

237 1467 390 1508 muneri
415 1469 566 1516 darent,
588 1469 599 1488 ‘
612 1466 745 1516 nolite,
768 1479 838 1505 oro
857 1468 951 1516 vos‚'
971 1466 1099 1517 inquit
1122 1465 1183 1506 ‘id
1212 1466 1308 1505 mihi
1329 1467 1433 1515 dare,
1456 1468 1565 1518 quod
1587 1482 1627 1505 20

237 1532 350 1573 multi
378 1532 591 1581 invideant,
614 1533 744 1583 plures
771 1531 890 1571 etiam
916 1531 1210 1583 concupiscant.
1269 1545 1390 1582 quare
1410 1545 1457 1571 ex
1483 1531 1566 1572 istis

235 1600 331 1638 nolo
358 1598 527 1649 amplius
556 1611 676 1648 quam
705 1604 866 1637 centurn
895 1596 1037 1648 iugera,
1072 1610 1175 1648 quae
1208 1604 1247 1636 et
1277 1610 1406 1636 meam
1444 1597 1566 1637 animi

236 1663 475 1716 aequitatem
504 1670 543 1703 et
576 1671 744 1702 vestram
778 1664 1021 1702 voluntatem
1055 1661 1256 1702 indicent.'
1323 1675 1415 1701 nam
1449 1675 1566 1713 parva

237 1743 400 1769 munera
437 1728 601 1776 diutina,
637 1728 849 1779 locupletia
882 1741 964 1768 non
1002 1727 1159 1779 propria
1191 1741 1278 1767 esse
1311 1735 1562 1766 consuerunt.

200 1812 218 1843 3
237 1795 303 1834 illa
335 1794 450 1845 igitur
487 1806 635 1832 corona
673 1800 884 1832 contentus
921 1793 1193 1843 Thrasybulus
1230 1805 1361 1843 neque
1397 1792 1565 1844 amplius
1587 1807 1624 1840 ²5

236 1858 436 1911 requisivit
465 1872 595 1909 neque
624 1872 866 1909 quemquam
895 1859 1047 1897 honore
1079 1871 1122 1898 se
1151 1857 1408 1897 antecessisse
1441 1857 1567 1897 existi-

198 1939 218 1970 4
238 1924 369 1964 mavit.
440 1923 505 1962 hic
543 1923 724 1974 sequenti
761 1930 950 1974 tempore,
989 1936 1080 1961 cum
1118 1930 1273 1974 praetor
1310 1924 1476 1961 classem
1513 1924 1564 1962 ad

238 1988 418 2029 Ciliciam
452 1988 667 2038 appulisset
698 2001 828 2038 neque
865 1987 958 2026 satis
996 1987 1202 2037 diligenter
1235 1986 1275 2026 in
1313 1987 1448 2025 castris
1481 1987 1565 2026 eius

237 2061 443 2104 agerentur
476 2052 638 2103 vigiliae,
671 2066 694 2091 a
732 2052 905 2091 barbaris
940 2066 986 2092 ex
1017 2052 1167 2103 oppido
1204 2059 1325 2090 noctu
1360 2052 1565 2102 eruptione

238 2121 340 2158 sacta
359 2118 399 2157 in
419 2118 674 2157 tabernaculo
693 2117 920 2158 interfectus
941 2125 1009 2156 est.
1585 2128 1625 2160 30

285 2234 322 2254 12
348 2223 482 2254 suerunt
500 2221 591 2255 Dan.
610 2221 731 2253 AB‘P
819 2232 857 2262 15
882 2222 1021 2253 honoris
1038 2232 1139 2253 causa
1151 2231 1216 2253 cor.
1238 2232 1260 2252 u
1277 2221 1310 2251 in
1324 2231 1430 2262 marg.
1527 2223 1565 2253 18

237 2267 272 2298 in
289 2266 365 2299 add.
379 2266 477 2307 Nt'pp.
599 2276 639 2305 19
663 2265 746 2305 Myt.
766 2276 807 2298 m.
825 2276 868 2296 m.
886 2266 954 2304 iug.
973 2266 1045 2304 agri
1063 2266 1093 2296 ei
1111 2264 1240 2295 muneri
1259 2265 1404 2303 nnuneri
1421 2264 1561 2304 Lamb.)

236 2310 366 2341 Fleck.:
391 2309 533 2340 mitileni
560 2309 591 2340 ei
619 2312 715 2349 (mut-
741 2309 792 2340 P:
828 2309 859 2339 ci
882 2308 1057 2349 mitylenei
1083 2308 1139 2339 R:
1163 2308 1192 2338 ei
1218 2312 1302 2348 myt-
1327 2307 1379 2346 M)
1406 2319 1447 2338 m.
1474 2308 1563 2339 milia

237 2354 390 2392 iugerum
407 2357 441 2383 et
456 2353 528 2391 agri
548 2352 633 2391 <agri
649 2357 683 2383 et
700 2351 812 2390 MRu)
830 2362 969 2382 munera
985 2350 1077 2383 Dan.
1089 2351 1261 2382 ABMPR
1393 2362 1435 2381 20
1473 2352 1563 2391 quod

237 2407 311 2427 cum
321 2395 417 2436 Nipp.
554 2396 595 2425 28
619 2395 770 2426 Ciliciam
788 2392 993 2436 Longolr'us:
1019 2394 1167 2425 Siciliam
1186 2394 1271 2425 codd.
