1746 2740
663 135 1005 176 ALCIBIADES
1435 135 1533 175 VII.
1549 144 1580 175 x

158 247 380 288 daemoniis
408 255 551 297 essent,
572 247 648 288 nisi
669 247 918 287 Alcibiadem
944 246 1079 288 vivum
1098 254 1171 288 aut
1195 254 1397 287 mortuum
1421 245 1496 286 sibi

160 313 395 354 tradidisset.
453 327 535 353 non
564 313 654 353 tulit
681 314 790 352 hunc
813 320 988 363 satrapes
1012 320 1052 353 et
1070 311 1217 352 violare
1242 313 1495 352 clementiam
1516 322 1535 353 3

160 392 280 430 quam
301 379 404 430 regis
419 392 518 430 opes
538 378 663 418 minui
684 378 832 418 maluit.
890 377 1024 430 itaque
1044 377 1149 418 misit
1164 377 1437 419 Susamithren
1455 385 1495 422 et

161 445 361 494 Bagaeum
389 445 442 484 ad
470 443 721 484 Alcibiadem
751 442 1080 492 interficiendum,
1107 456 1205 484 cum
1228 443 1296 484 ille
1326 451 1428 483 esset
1454 443 1494 483 in

123 519 141 552 5
161 509 327 560 Phrygia
346 509 498 560 iterque
517 511 569 549 ad
590 504 722 560 regern
734 517 992 560 compararet.
1052 507 1160 547 missi
1177 510 1279 548 clam
1290 508 1493 557 vicinitati,
1514 524 1535 556 4

159 573 200 613 in
228 587 307 625 qua
333 582 418 614 tum
444 573 674 615 Alcibiades
701 582 794 622 erat,
826 575 924 614 dant
951 573 1158 625 negotium
1189 582 1235 615 ut
1269 587 1359 614 eum
1381 573 1495 614 inter·

159 639 303 680 ficiant.
344 640 400 680 illi
417 654 508 679 cum
525 641 627 686 ferro
642 639 803 691 aggredi
823 654 905 679 non
924 641 1132 690 auderent,
1143 648 1268 680 noctu
1287 639 1393 691 ligna
1404 653 1496 680 con-

159 706 334 744 tulerunt
363 705 467 745 circa
495 719 629 745 casam
659 719 758 753 eam,
781 705 822 744 in
853 718 932 756 qua
959 705 1199 757 quiescebat,
1223 719 1393 758 eamque
1412 718 1496 747 suc-

160 772 391 818 cenderunt,
422 778 465 810 ut
495 770 683 810 incendio
717 771 971 818 conficerent,
1008 784 1128 822 quem
1163 784 1284 810 manu
1322 769 1495 822 superari

104 851 143 874 10
160 849 277 888 posse
305 836 550 876 diffidebant.
606 836 672 876 ille
700 844 835 876 autern
863 843 907 876 ut
936 836 1068 876 sonitu
1098 838 1282 876 flammae
1311 843 1370 877 est
1396 836 1495 877 exci-
1515 847 1534 880 5

160 909 273 949 tatus,
296 901 368 941 etsi
397 901 552 953 gladius
582 901 618 942 ei
647 909 730 942 erat
756 902 989 950 subductus,
1012 901 1213 942 familiaris
1234 901 1295 941 sui
1315 902 1496 942 subalare
1522 934 1524 937 .

160 969 281 1006 telum
316 967 467 1019 eripuit.
528 981 702 1019 namque
736 974 817 1007 erat
852 981 944 1007 cum
976 981 1025 1007 eo
1057 967 1222 1019 quidam
1254 981 1302 1008 ex
1325 967 1498 1008 Arcadia

161 1035 316 1084 hospes,
347 1033 415 1085 qui
445 1047 663 1085 numquam
693 1033 898 1074 discedere
926 1035 1114 1073 voluerat.
1174 1035 1283 1073 hunc
1311 1033 1423 1085 sequi
1454 1047 1497 1074 se

162 1097 271 1137 iubet
299 1106 338 1138 et
367 1098 408 1138 id
437 1099 547 1150 quod
575 1098 615 1138 in
646 1098 866 1150 praesentia
891 1087 1216 1138 vestimentorum
1248 1098 1322 1137 fuit
1349 1098 1493 1150 arripit.

105 1178 142 1212 ¹5
163 1163 224 1202 his
243 1163 283 1202 in
304 1163 434 1215 ignem
455 1163 589 1203 eiectis
609 1165 792 1204 flammae
812 1163 891 1203 vim
912 1163 1074 1203 transiit.
1133 1177 1252 1215 quern
1279 1171 1323 1203 ut
1341 1163 1496 1204 barbari
1516 1167 1537 1202 6

163 1227 391 1268 incendium
421 1228 603 1280 effugisse
623 1228 815 1276 viderunt,
839 1228 926 1268 telis
955 1228 1110 1268 eminus
1139 1228 1268 1268 missis
1296 1227 1498 1268 interfece-

161 1302 251 1333 runt
271 1302 469 1346 caputque
489 1294 573 1334 eius
593 1295 645 1334 ad
667 1294 965 1334 Pharnabazum
987 1296 1230 1334 rettulerunt.
1289 1301 1330 1334 at
1345 1293 1494 1342 mulier,

160 1372 262 1410 quae
281 1373 373 1398 cum
393 1373 442 1399 eo
462 1359 591 1399 vivere
611 1367 830 1407 consuerat,
853 1359 1036 1399 muliebri
1055 1373 1126 1399 sua
1141 1367 1248 1400 veste
1268 1367 1496 1400 contectum

161 1425 330 1465 aedificii
351 1426 538 1466 incendio
561 1424 983 1475 mortuum›cremavit‚
1003 1426 1113 1476 quod
1141 1425 1193 1465 ad
1213 1424 1345 1464 vivum
1371 1424 1498 1464 interi-

103 1504 146 1528 πο
163 1492 351 1531 mendum
387 1500 468 1531 erat
507 1482 794 1543 comparatumss
850 1490 906 1530 sic
929 1490 1158 1531 Alcibiades
1189 1504 1316 1531 annos
1347 1489 1499 1531 circiter

162 1568 218 1596 XL
237 1565 352 1597 natus
372 1557 478 1597 diem
499 1557 597 1597 obiit
617 1570 856 1609 supremum.

218 1625 342 1662 Hunc
379 1622 612 1662 infamatum
651 1636 674 1662 a
712 1622 910 1674 plerisque
947 1630 1025 1662 tres
1069 1618 1286 1674 gravissimi
1324 1620 1499 1662 historici
1518 1631 1555 1659 11

162 1688 326 1727 summis
364 1688 548 1728 laudibus
593 1690 838 1728 extulerunt:
887 1687 1155 1738 Thucydides,
1205 1687 1273 1738 qui
1320 1686 1499 1726 eiusdem

162 1753 300 1792 aetatis
319 1752 402 1799 fuit,
425 1753 724 1804 Theopompus,
747 1759 838 1803 post
858 1752 1063 1803 aliquanto
1083 1759 1210 1800 natus,
1225 1759 1264 1791 et
1284 1751 1471 1791 Timaeus
1490 1766 1498 1791 ε

107 1830 146 1864 ²5
164 1816 231 1867 qui
258 1816 419 1868 quidem
449 1818 531 1857 duo
554 1817 917 1857 maledicentissimi
944 1816 1080 1856 nescio
1113 1830 1194 1868 quo
1218 1817 1341 1856 modo
1365 1816 1405 1856 in
1431 1816 1498 1856 illo

165 1895 246 1921 uno
271 1883 472 1922 laudando
495 1891 790 1922 consenserunt.
850 1896 1024 1934 namque
1050 1896 1107 1930 ea,
1134 1896 1237 1934 quae
1265 1895 1382 1934 supra
1409 1882 1498 1922 scri-
1519 1896 1534 1919 2

165 1945 324 1998 psimus‚
342 1947 394 1986 de
408 1959 457 1987 eo
472 1946 748 1998 praedicarunt
762 1955 882 1999 atque
898 1949 975 1988 hoc
990 1947 1161 1999 amplius
1177 1963 1185 1988 :
1207 1960 1298 1987 cum
1314 1947 1495 1996 Athenis,

165 2012 483 2064 splendidissima
502 2012 674 2062 civitate,
691 2021 807 2054 natus
828 2022 941 2063 esset,
963 2027 1104 2054 omnes
1133 2015 1344 2065 splendore
1371 2027 1418 2054 ac
1441 2013 1497 2054 di-

163 2076 312 2128 gnitate
339 2090 543 2129 superasse
574 2078 704 2127 vitae3
737 2086 948 2130 postquam
979 2078 1073 2119 inde
1111 2080 1298 2130 expulsus
1335 2079 1496 2119 Thebas
1515 2092 1534 2126 3

206 2182 228 2212 8
250 2191 362 2214 casam
381 2192 455 2214 eam
478 2181 673 2224 Schnbppius
686 2182 890 2224 praecedente
908 2183 1061 2224 Gifam'o:
1085 2193 1267 2215 sammeam
1290 2182 1382 2216 Dan.
1406 2183 1497 2216 AP:

162 2225 345 2256 samineam
362 2224 455 2258 MR:
481 2235 647 2257 sarmeam
664 2226 698 2258 Β
862 2236 969 2266 eaque
985 2225 1081 2268 Nrpp.
1252 2237 1289 2267 14
1313 2226 1455 2267 arripuit
1466 2227 1498 2260 ‘³‘

167 2277 204 2307 15
227 2268 388 2300 coniectis
405 2268 526 2301 Lamb.
644 2279 686 2310 24
710 2269 834 2310 postP
846 2268 938 2301 Leid.
957 2281 964 2302 :
987 2271 1044 2310 qui
1062 2274 1138 2311 post
1154 2269 1244 2302 AF:
1268 2271 1325 2311 qui
1342 2270 1403 2302 fuit
1418 2275 1496 2311 post

163 2310 236 2342 MR
367 2314 409 2343 26
431 2318 681 2344 consenserunt
705 2313 760 2345 R:
799 2318 1008 2346 consuerunt
1032 2313 1121 2345 Dan.
1151 2314 1183 2344 A
1209 2318 1239 2345 et
1259 2325 1281 2345 u
1305 2315 1339 2345 in
1364 2324 1495 2355 marg.:

164 2360 414 2387 consueuerant
430 2355 485 2387 P:
507 2357 723 2388 conscierunt
739 2356 802 2388 Mu
817 2369 824 2389 ε
860 2357 1078 2389 consentiunt
1094 2355 1226 2391 Halm:
1251 2357 1495 2389 concinuerunt

169 2397 317 2439 Wiggers
337 2409 344 2429 :
368 2398 564 2440 conspirant
583 2399 630 2431 M.
649 2400 771 2442 Haupt

207 2462 310 2484 CORN.
333 2463 407 2484 NEP.
1387 2458 1407 2488 3
