<?xml version="1.0" encoding="UTF-8"?>
<!DOCTYPE html PUBLIC "-//W3C//DTD XHTML 1.0 Transitional//EN"
    "http://www.w3.org/TR/xhtml1/DTD/xhtml1-transitional.dtd">
<html xmlns="http://www.w3.org/1999/xhtml" xml:lang="en" lang="en">
 <head>
  <title>
</title>
<meta http-equiv="Content-Type" content="text/html;charset=utf-8" />
  <meta name='ocr-system' content='tesseract 3.04.00' />
  <meta name='ocr-capabilities' content='ocr_page ocr_carea ocr_par ocr_line ocrx_word'/>
</head>
<body>
  <div class='ocr_page' id='page_1' title='image "./vitaerecognovitb00nepouoft_0051.png"; bbox 0 0 1746 2740; ppageno 0'>
   <div class='ocr_carea' id='block_1_1' title="bbox 0 0 35 135">
    <p class='ocr_par' dir='ltr' id='par_1_1' title="bbox 0 0 35 135">
     <span class='ocr_line' id='line_1_1' title="bbox 0 0 35 135; textangle 90"><span class='ocrx_word' id='word_1_1' title='bbox 0 0 35 135; x_wconf 40' lang='lat' dir='ltr'>ww&amp;-</span> 
     </span>
    </p>
   </div>
   <div class='ocr_carea' id='block_1_2' title="bbox 749 133 1603 174">
    <p class='ocr_par' dir='ltr' id='par_1_2' title="bbox 749 133 1603 174">
     <span class='ocr_line' id='line_1_2' title="bbox 749 133 1603 174; baseline 0.001 -1"><span class='ocrx_word' id='word_1_2' title='bbox 749 133 948 173; x_wconf 92' lang='lat' dir='ltr'>CONON</span> <span class='ocrx_word' id='word_1_3' title='bbox 1463 134 1534 174; x_wconf 85' lang='lat' dir='ltr'>IX.</span> <span class='ocrx_word' id='word_1_4' title='bbox 1556 135 1603 173; x_wconf 90' lang='lat' dir='ltr'>iv</span> 
     </span>
    </p>
   </div>
   <div class='ocr_carea' id='block_1_3' title="bbox 119 243 1558 2324">
    <p class='ocr_par' dir='ltr' id='par_1_3' title="bbox 181 243 1557 494">
     <span class='ocr_line' id='line_1_3' title="bbox 182 243 1557 296; baseline 0.002 -13"><span class='ocrx_word' id='word_1_5' title='bbox 182 243 224 283; x_wconf 95' lang='lat' dir='ltr'>id</span> <span class='ocrx_word' id='word_1_6' title='bbox 257 251 300 283; x_wconf 93' lang='lat' dir='ltr'>ut</span> <span class='ocrx_word' id='word_1_7' title='bbox 331 245 659 285; x_wconf 85' lang='lat' dir='ltr'>Lacedaemoniis</span> <span class='ocrx_word' id='word_1_8' title='bbox 691 253 752 285; x_wconf 87' lang='lat' dir='ltr'>est</span> <span class='ocrx_word' id='word_1_9' title='bbox 788 245 1025 294; x_wconf 89' lang='lat' dir='ltr'>nuntiatum,</span> <span class='ocrx_word' id='word_1_10' title='bbox 1059 259 1142 285; x_wconf 92' lang='lat' dir='ltr'>non</span> <span class='ocrx_word' id='word_1_11' title='bbox 1179 246 1266 286; x_wconf 90' lang='lat' dir='ltr'>sine</span> <span class='ocrx_word' id='word_1_12' title='bbox 1303 261 1398 286; x_wconf 89' lang='lat' dir='ltr'>cura</span> <span class='ocrx_word' id='word_1_13' title='bbox 1434 261 1515 287; x_wconf 92' lang='lat' dir='ltr'>rem</span> <span class='ocrx_word' id='word_1_14' title='bbox 1538 265 1557 296; x_wconf 80' lang='lat'>3</span> 
     </span>
     <span class='ocr_line' id='line_1_4' title="bbox 181 309 1512 362; baseline 0.002 -14"><span class='ocrx_word' id='word_1_15' title='bbox 181 309 467 358; x_wconf 86' lang='lat' dir='ltr'>administrant,</span> <span class='ocrx_word' id='word_1_16' title='bbox 498 312 610 362; x_wconf 91' lang='lat' dir='ltr'>quod</span> <span class='ocrx_word' id='word_1_17' title='bbox 637 310 764 350; x_wconf 88' lang='lat' dir='ltr'>maius</span> <span class='ocrx_word' id='word_1_18' title='bbox 798 310 948 350; x_wconf 91' lang='lat' dir='ltr'>bellum</span> <span class='ocrx_word' id='word_1_19' title='bbox 977 310 1183 350; x_wconf 89' lang='lat' dir='ltr'>imminere</span> <span class='ocrx_word' id='word_1_20' title='bbox 1211 311 1512 360; x_wconf 86' lang='lat' dir='ltr'>arbitrabantur,</span> 
     </span>
     <span class='ocr_line' id='line_1_5' title="bbox 181 374 1516 426; baseline 0.001 -12"><span class='ocrx_word' id='word_1_21' title='bbox 181 388 301 426; x_wconf 87' lang='lat' dir='ltr'>quam</span> <span class='ocrx_word' id='word_1_22' title='bbox 331 374 364 414; x_wconf 91' lang='lat' dir='ltr'>si</span> <span class='ocrx_word' id='word_1_23' title='bbox 391 389 484 415; x_wconf 92' lang='lat' dir='ltr'>cum</span> <span class='ocrx_word' id='word_1_24' title='bbox 516 376 683 416; x_wconf 88' lang='lat' dir='ltr'>barbaro</span> <span class='ocrx_word' id='word_1_25' title='bbox 713 378 843 416; x_wconf 91' lang='lat' dir='ltr'>solum</span> <span class='ocrx_word' id='word_1_26' title='bbox 874 377 1175 416; x_wconf 86' lang='lat' dir='ltr'>contenderent.</span> <span class='ocrx_word' id='word_1_27' title='bbox 1242 391 1336 417; x_wconf 88' lang='lat' dir='ltr'>nam</span> <span class='ocrx_word' id='word_1_28' title='bbox 1369 378 1516 418; x_wconf 92' lang='lat' dir='ltr'>ducem</span> 
     </span>
     <span class='ocr_line' id='line_1_6' title="bbox 181 441 1516 494; baseline 0.001 -15"><span class='ocrx_word' id='word_1_29' title='bbox 181 442 333 489; x_wconf 86' lang='lat' dir='ltr'>fortem,</span> <span class='ocrx_word' id='word_1_30' title='bbox 373 442 611 492; x_wconf 85' lang='lat' dir='ltr'>prudentem</span> <span class='ocrx_word' id='word_1_31' title='bbox 657 441 757 492; x_wconf 90' lang='lat' dir='ltr'>regis</span> <span class='ocrx_word' id='word_1_32' title='bbox 795 441 939 493; x_wconf 90' lang='lat' dir='ltr'>opibus</span> <span class='ocrx_word' id='word_1_33' title='bbox 987 443 1257 494; x_wconf 90' lang='lat' dir='ltr'>praefuturum</span> <span class='ocrx_word' id='word_1_34' title='bbox 1294 457 1342 482; x_wconf 88' lang='lat' dir='ltr'>ae</span> <span class='ocrx_word' id='word_1_35' title='bbox 1379 456 1516 483; x_wconf 92' lang='lat' dir='ltr'>secum</span> 
     </span>
    </p>

    <p class='ocr_par' dir='ltr' id='par_1_4' title="bbox 143 505 1555 819">
     <span class='ocr_line' id='line_1_7' title="bbox 143 505 1516 560; baseline 0.001 -15"><span class='ocrx_word' id='word_1_36' title='bbox 143 520 162 552; x_wconf 87' lang='lat'>5</span> <span class='ocrx_word' id='word_1_37' title='bbox 181 505 458 546; x_wconf 89' lang='lat' dir='ltr'>dimicaturum</span> <span class='ocrx_word' id='word_1_38' title='bbox 486 506 691 556; x_wconf 87' lang='lat' dir='ltr'>videbant,</span> <span class='ocrx_word' id='word_1_39' title='bbox 717 521 838 558; x_wconf 91' lang='lat' dir='ltr'>quem</span> <span class='ocrx_word' id='word_1_40' title='bbox 869 520 1000 558; x_wconf 90' lang='lat' dir='ltr'>neque</span> <span class='ocrx_word' id='word_1_41' title='bbox 1028 507 1196 547; x_wconf 91' lang='lat' dir='ltr'>consilio</span> <span class='ocrx_word' id='word_1_42' title='bbox 1230 521 1362 559; x_wconf 92' lang='lat' dir='ltr'>neque</span> <span class='ocrx_word' id='word_1_43' title='bbox 1390 508 1516 560; x_wconf 85' lang='lat' dir='ltr'>copiis</span> 
     </span>
     <span class='ocr_line' id='line_1_8' title="bbox 181 573 1555 623; baseline 0.002 -14"><span class='ocrx_word' id='word_1_44' title='bbox 181 585 363 622; x_wconf 90' lang='lat' dir='ltr'>superare</span> <span class='ocrx_word' id='word_1_45' title='bbox 382 579 554 622; x_wconf 88' lang='lat' dir='ltr'>possent.</span> <span class='ocrx_word' id='word_1_46' title='bbox 614 573 689 612; x_wconf 89' lang='lat' dir='ltr'>hac</span> <span class='ocrx_word' id='word_1_47' title='bbox 709 579 843 612; x_wconf 85' lang='lat' dir='ltr'>mente</span> <span class='ocrx_word' id='word_1_48' title='bbox 863 586 1048 623; x_wconf 89' lang='lat' dir='ltr'>magnam</span> <span class='ocrx_word' id='word_1_49' title='bbox 1063 574 1304 612; x_wconf 90' lang='lat' dir='ltr'>contrahunt</span> <span class='ocrx_word' id='word_1_50' title='bbox 1323 575 1491 613; x_wconf 79' lang='lat' dir='ltr'>classem</span> <span class='ocrx_word' id='word_1_51' title='bbox 1507 589 1515 613; x_wconf 89' lang='lat'>:</span> <span class='ocrx_word' id='word_1_52' title='bbox 1533 591 1555 621; x_wconf 81' lang='lat'>4</span> 
     </span>
     <span class='ocr_line' id='line_1_9' title="bbox 181 635 1515 690; baseline 0.003 -16"><span class='ocrx_word' id='word_1_53' title='bbox 181 635 485 688; x_wconf 86' lang='lat' dir='ltr'>proficiscuntur</span> <span class='ocrx_word' id='word_1_54' title='bbox 512 637 704 677; x_wconf 83' lang='lat' dir='ltr'>Pisandro</span> <span class='ocrx_word' id='word_1_55' title='bbox 733 638 846 677; x_wconf 93' lang='lat' dir='ltr'>duce.</span> <span class='ocrx_word' id='word_1_56' title='bbox 906 638 980 676; x_wconf 90' lang='lat' dir='ltr'>hos</span> <span class='ocrx_word' id='word_1_57' title='bbox 1009 639 1156 678; x_wconf 91' lang='lat' dir='ltr'>Conon</span> <span class='ocrx_word' id='word_1_58' title='bbox 1192 639 1301 690; x_wconf 90' lang='lat' dir='ltr'>apud</span> <span class='ocrx_word' id='word_1_59' title='bbox 1339 638 1515 679; x_wconf 91' lang='lat' dir='ltr'>Cnidum</span> 
     </span>
     <span class='ocr_line' id='line_1_10' title="bbox 180 695 1516 754; baseline 0.003 -14"><span class='ocrx_word' id='word_1_60' title='bbox 180 702 343 743; x_wconf 89' lang='lat' dir='ltr'>adortus</span> <span class='ocrx_word' id='word_1_61' title='bbox 359 714 507 754; x_wconf 72' lang='lat' dir='ltr'>magno</span> <span class='ocrx_word' id='word_1_62' title='bbox 532 702 682 754; x_wconf 91' lang='lat' dir='ltr'>proelio</span> <span class='ocrx_word' id='word_1_63' title='bbox 706 704 827 753; x_wconf 87' lang='lat' dir='ltr'>sugat,</span> <span class='ocrx_word' id='word_1_64' title='bbox 847 704 992 743; x_wconf 85' lang='lat' dir='ltr'>multas</span> <span class='ocrx_word' id='word_1_65' title='bbox 1014 695 1127 743; x_wconf 89' lang='lat' dir='ltr'>navis</span> <span class='ocrx_word' id='word_1_66' title='bbox 1154 703 1273 754; x_wconf 88' lang='lat' dir='ltr'>capit,</span> <span class='ocrx_word' id='word_1_67' title='bbox 1291 705 1516 754; x_wconf 88' lang='lat' dir='ltr'>complures</span> 
     </span>
     <span class='ocr_line' id='line_1_11' title="bbox 180 765 1516 819; baseline 0.002 -13"><span class='ocrx_word' id='word_1_68' title='bbox 180 767 375 819; x_wconf 87' lang='lat' dir='ltr'>deprimit.</span> <span class='ocrx_word' id='word_1_69' title='bbox 450 782 528 819; x_wconf 89' lang='lat' dir='ltr'>qua</span> <span class='ocrx_word' id='word_1_70' title='bbox 560 767 724 807; x_wconf 89' lang='lat' dir='ltr'>victoria</span> <span class='ocrx_word' id='word_1_71' title='bbox 760 765 843 808; x_wconf 86' lang='lat' dir='ltr'>non</span> <span class='ocrx_word' id='word_1_72' title='bbox 880 770 1012 808; x_wconf 91' lang='lat' dir='ltr'>solum</span> <span class='ocrx_word' id='word_1_73' title='bbox 1050 770 1244 816; x_wconf 90' lang='lat' dir='ltr'>Athenae,</span> <span class='ocrx_word' id='word_1_74' title='bbox 1286 770 1358 809; x_wconf 94' lang='lat' dir='ltr'>sed</span> <span class='ocrx_word' id='word_1_75' title='bbox 1395 768 1516 809; x_wconf 91' lang='lat' dir='ltr'>etiam</span> 
     </span>
    </p>

    <p class='ocr_par' dir='ltr' id='par_1_5' title="bbox 124 833 1552 1145">
     <span class='ocr_line' id='line_1_12' title="bbox 124 833 1514 885; baseline 0.002 -15"><span class='ocrx_word' id='word_1_76' title='bbox 124 847 163 869; x_wconf 85' lang='lat'>10</span> <span class='ocrx_word' id='word_1_77' title='bbox 180 840 324 872; x_wconf 87' lang='lat' dir='ltr'>cuncta</span> <span class='ocrx_word' id='word_1_78' title='bbox 343 833 520 880; x_wconf 81' lang='lat' dir='ltr'>Graecia,</span> <span class='ocrx_word' id='word_1_79' title='bbox 539 847 641 884; x_wconf 91' lang='lat' dir='ltr'>quae</span> <span class='ocrx_word' id='word_1_80' title='bbox 661 833 736 872; x_wconf 90' lang='lat' dir='ltr'>sub</span> <span class='ocrx_word' id='word_1_81' title='bbox 758 833 1168 873; x_wconf 82' lang='lat' dir='ltr'>Lacedaemoniorum</span> <span class='ocrx_word' id='word_1_82' title='bbox 1190 835 1316 873; x_wconf 89' lang='lat' dir='ltr'>fuerat</span> <span class='ocrx_word' id='word_1_83' title='bbox 1334 833 1514 885; x_wconf 90' lang='lat' dir='ltr'>imperio,</span> 
     </span>
     <span class='ocr_line' id='line_1_13' title="bbox 179 892 1552 950; baseline 0.001 -14"><span class='ocrx_word' id='word_1_84' title='bbox 179 898 342 938; x_wconf 89' lang='lat' dir='ltr'>liberata</span> <span class='ocrx_word' id='word_1_85' title='bbox 370 906 439 937; x_wconf 89' lang='lat' dir='ltr'>est.</span> <span class='ocrx_word' id='word_1_86' title='bbox 500 900 645 938; x_wconf 91' lang='lat' dir='ltr'>Conon</span> <span class='ocrx_word' id='word_1_87' title='bbox 675 912 767 937; x_wconf 92' lang='lat' dir='ltr'>curn</span> <span class='ocrx_word' id='word_1_88' title='bbox 796 906 906 950; x_wconf 89' lang='lat' dir='ltr'>parte</span> <span class='ocrx_word' id='word_1_89' title='bbox 935 898 1096 938; x_wconf 89' lang='lat' dir='ltr'>navium</span> <span class='ocrx_word' id='word_1_90' title='bbox 1125 898 1166 937; x_wconf 94' lang='lat' dir='ltr'>in</span> <span class='ocrx_word' id='word_1_91' title='bbox 1199 892 1366 950; x_wconf 81' lang='lat' dir='ltr'>patriam</span> <span class='ocrx_word' id='word_1_92' title='bbox 1395 899 1515 949; x_wconf 87' lang='lat' dir='ltr'>venit,</span> <span class='ocrx_word' id='word_1_93' title='bbox 1533 913 1552 945; x_wconf 87' lang='lat'><strong>5</strong></span> 
     </span>
     <span class='ocr_line' id='line_1_14' title="bbox 180 963 1513 1015; baseline 0.001 -13"><span class='ocrx_word' id='word_1_94' title='bbox 180 977 313 1002; x_wconf 90' lang='lat' dir='ltr'>muros</span> <span class='ocrx_word' id='word_1_95' title='bbox 332 963 484 1003; x_wconf 89' lang='lat' dir='ltr'>dirutos</span> <span class='ocrx_word' id='word_1_96' title='bbox 503 978 527 1002; x_wconf 92' lang='lat' dir='ltr'>a</span> <span class='ocrx_word' id='word_1_97' title='bbox 548 965 753 1014; x_wconf 86' lang='lat' dir='ltr'>Lysandro</span> <span class='ocrx_word' id='word_1_98' title='bbox 773 972 972 1015; x_wconf 87' lang='lat' dir='ltr'>utrosque,</span> <span class='ocrx_word' id='word_1_99' title='bbox 987 972 1026 1003; x_wconf 91' lang='lat' dir='ltr'>et</span> <span class='ocrx_word' id='word_1_100' title='bbox 1047 963 1173 1003; x_wconf 88' lang='lat' dir='ltr'>Piraei</span> <span class='ocrx_word' id='word_1_101' title='bbox 1194 972 1233 1003; x_wconf 90' lang='lat' dir='ltr'>et</span> <span class='ocrx_word' id='word_1_102' title='bbox 1252 965 1513 1012; x_wconf 86' lang='lat' dir='ltr'>Athenarum,</span> 
     </span>
     <span class='ocr_line' id='line_1_15' title="bbox 179 1028 1516 1080; baseline 0.001 -13"><span class='ocrx_word' id='word_1_103' title='bbox 179 1028 414 1068; x_wconf 88' lang='lat' dir='ltr'>reficiendos</span> <span class='ocrx_word' id='word_1_104' title='bbox 443 1036 553 1068; x_wconf 89' lang='lat' dir='ltr'>curat</span> <span class='ocrx_word' id='word_1_105' title='bbox 582 1028 855 1080; x_wconf 88' lang='lat' dir='ltr'>pecuniaeque</span> <span class='ocrx_word' id='word_1_106' title='bbox 882 1028 1170 1080; x_wconf 85' lang='lat' dir='ltr'>quinquaginta</span> <span class='ocrx_word' id='word_1_107' title='bbox 1179 1030 1347 1076; x_wconf 63' lang='lat' dir='ltr'>talenta,</span> <span class='ocrx_word' id='word_1_108' title='bbox 1369 1043 1472 1080; x_wconf 90' lang='lat' dir='ltr'>quae</span> <span class='ocrx_word' id='word_1_109' title='bbox 1491 1043 1516 1068; x_wconf 88' lang='lat' dir='ltr'>a</span> 
     </span>
     <span class='ocr_line' id='line_1_16' title="bbox 180 1094 1102 1145; baseline 0.001 -13"><span class='ocrx_word' id='word_1_110' title='bbox 180 1094 435 1133; x_wconf 87' lang='lat' dir='ltr'>Pharnabazo</span> <span class='ocrx_word' id='word_1_111' title='bbox 455 1102 671 1145; x_wconf 88' lang='lat' dir='ltr'>acceperat,</span> <span class='ocrx_word' id='word_1_112' title='bbox 695 1094 847 1134; x_wconf 91' lang='lat' dir='ltr'>civibus</span> <span class='ocrx_word' id='word_1_113' title='bbox 867 1094 947 1133; x_wconf 91' lang='lat' dir='ltr'>suis</span> <span class='ocrx_word' id='word_1_114' title='bbox 967 1095 1102 1134; x_wconf 91' lang='lat' dir='ltr'>donat.</span> 
     </span>
    </p>

    <p class='ocr_par' dir='ltr' id='par_1_6' title="bbox 124 1158 1558 1472">
     <span class='ocr_line' id='line_1_17' title="bbox 124 1158 1558 1209; baseline 0.005 -16"><span class='ocrx_word' id='word_1_115' title='bbox 124 1171 160 1202; x_wconf 87' lang='lat'>15</span> <span class='ocrx_word' id='word_1_116' title='bbox 234 1158 392 1198; x_wconf 83' lang='lat' dir='ltr'>Accidit</span> <span class='ocrx_word' id='word_1_117' title='bbox 419 1158 522 1206; x_wconf 88' lang='lat' dir='ltr'>huic,</span> <span class='ocrx_word' id='word_1_118' title='bbox 545 1160 655 1209; x_wconf 92' lang='lat' dir='ltr'>quod</span> <span class='ocrx_word' id='word_1_119' title='bbox 681 1159 820 1198; x_wconf 88' lang='lat' dir='ltr'>ceteris</span> <span class='ocrx_word' id='word_1_120' title='bbox 845 1158 1089 1206; x_wconf 86' lang='lat' dir='ltr'>mortalibus,</span> <span class='ocrx_word' id='word_1_121' title='bbox 1118 1166 1162 1198; x_wconf 93' lang='lat' dir='ltr'>ut</span> <span class='ocrx_word' id='word_1_122' title='bbox 1187 1158 1516 1200; x_wconf 90' lang='lat' dir='ltr'>inconsideratior</span> <span class='ocrx_word' id='word_1_123' title='bbox 1532 1165 1558 1206; x_wconf 85' lang='grc'><strong><em>5</em></strong></span> 
     </span>
     <span class='ocr_line' id='line_1_18' title="bbox 179 1223 1515 1276; baseline 0.002 -14"><span class='ocrx_word' id='word_1_124' title='bbox 179 1223 220 1262; x_wconf 91' lang='lat' dir='ltr'>in</span> <span class='ocrx_word' id='word_1_125' title='bbox 255 1226 430 1264; x_wconf 91' lang='lat' dir='ltr'>secunda</span> <span class='ocrx_word' id='word_1_126' title='bbox 468 1238 587 1276; x_wconf 92' lang='lat' dir='ltr'>quam</span> <span class='ocrx_word' id='word_1_127' title='bbox 626 1223 667 1263; x_wconf 91' lang='lat' dir='ltr'>in</span> <span class='ocrx_word' id='word_1_128' title='bbox 705 1225 870 1264; x_wconf 89' lang='lat' dir='ltr'>adversa</span> <span class='ocrx_word' id='word_1_129' title='bbox 899 1231 1003 1264; x_wconf 91' lang='lat' dir='ltr'>esset</span> <span class='ocrx_word' id='word_1_130' title='bbox 1036 1226 1204 1264; x_wconf 84' lang='lat' dir='ltr'>fortuna.</span> <span class='ocrx_word' id='word_1_131' title='bbox 1263 1239 1356 1264; x_wconf 91' lang='lat' dir='ltr'>nam</span> <span class='ocrx_word' id='word_1_132' title='bbox 1390 1227 1515 1265; x_wconf 88' lang='lat' dir='ltr'>classe</span> 
     </span>
     <span class='ocr_line' id='line_1_19' title="bbox 181 1289 1514 1342; baseline 0.002 -14"><span class='ocrx_word' id='word_1_133' title='bbox 181 1289 561 1341; x_wconf 89' lang='lat' dir='ltr'>Peloponnesiorum</span> <span class='ocrx_word' id='word_1_134' title='bbox 590 1289 760 1338; x_wconf 88' lang='lat' dir='ltr'>devicta,</span> <span class='ocrx_word' id='word_1_135' title='bbox 790 1303 882 1328; x_wconf 92' lang='lat' dir='ltr'>cum</span> <span class='ocrx_word' id='word_1_136' title='bbox 921 1291 1048 1329; x_wconf 92' lang='lat' dir='ltr'>ultum</span> <span class='ocrx_word' id='word_1_137' title='bbox 1087 1303 1130 1329; x_wconf 93' lang='lat' dir='ltr'>se</span> <span class='ocrx_word' id='word_1_138' title='bbox 1167 1289 1328 1329; x_wconf 82' lang='lat' dir='ltr'>iniurias</span> <span class='ocrx_word' id='word_1_139' title='bbox 1366 1290 1514 1342; x_wconf 87' lang='lat' dir='ltr'>patriae</span> 
     </span>
     <span class='ocr_line' id='line_1_20' title="bbox 178 1354 1550 1407; baseline -0.001 -13"><span class='ocrx_word' id='word_1_140' title='bbox 178 1363 345 1406; x_wconf 89' lang='lat' dir='ltr'>putaret,</span> <span class='ocrx_word' id='word_1_141' title='bbox 357 1357 470 1407; x_wconf 88' lang='lat' dir='ltr'>plura</span> <span class='ocrx_word' id='word_1_142' title='bbox 483 1354 711 1406; x_wconf 89' lang='lat' dir='ltr'>concupivit</span> <span class='ocrx_word' id='word_1_143' title='bbox 726 1368 846 1406; x_wconf 91' lang='lat' dir='ltr'>quam</span> <span class='ocrx_word' id='word_1_144' title='bbox 862 1355 1016 1394; x_wconf 85' lang='lat' dir='ltr'>efficere</span> <span class='ocrx_word' id='word_1_145' title='bbox 1035 1354 1174 1406; x_wconf 88' lang='lat' dir='ltr'>potuit.</span> <span class='ocrx_word' id='word_1_146' title='bbox 1233 1369 1364 1406; x_wconf 90' lang='lat' dir='ltr'>neque</span> <span class='ocrx_word' id='word_1_147' title='bbox 1378 1362 1512 1395; x_wconf 92' lang='lat' dir='ltr'>tamen</span> <span class='ocrx_word' id='word_1_148' title='bbox 1533 1368 1550 1392; x_wconf 81' lang='lat'>2</span> 
     </span>
     <span class='ocr_line' id='line_1_21' title="bbox 178 1419 1513 1472; baseline 0 -12"><span class='ocrx_word' id='word_1_149' title='bbox 178 1434 225 1460; x_wconf 91' lang='lat' dir='ltr'>ea</span> <span class='ocrx_word' id='word_1_150' title='bbox 253 1435 335 1460; x_wconf 93' lang='lat' dir='ltr'>non</span> <span class='ocrx_word' id='word_1_151' title='bbox 362 1420 427 1472; x_wconf 92' lang='lat' dir='ltr'>pia</span> <span class='ocrx_word' id='word_1_152' title='bbox 452 1428 491 1460; x_wconf 90' lang='lat' dir='ltr'>et</span> <span class='ocrx_word' id='word_1_153' title='bbox 517 1421 724 1472; x_wconf 88' lang='lat' dir='ltr'>probanda</span> <span class='ocrx_word' id='word_1_154' title='bbox 749 1421 917 1468; x_wconf 85' lang='lat' dir='ltr'>fuerunt,</span> <span class='ocrx_word' id='word_1_155' title='bbox 946 1421 1056 1471; x_wconf 91' lang='lat' dir='ltr'>quod</span> <span class='ocrx_word' id='word_1_156' title='bbox 1082 1419 1215 1471; x_wconf 90' lang='lat' dir='ltr'>potius</span> <span class='ocrx_word' id='word_1_157' title='bbox 1243 1419 1391 1471; x_wconf 87' lang='lat' dir='ltr'>patriae</span> <span class='ocrx_word' id='word_1_158' title='bbox 1407 1434 1513 1472; x_wconf 91' lang='lat' dir='ltr'>·opes</span> 
     </span>
    </p>

    <p class='ocr_par' dir='ltr' id='par_1_7' title="bbox 121 1484 1550 1797">
     <span class='ocr_line' id='line_1_22' title="bbox 121 1484 1512 1538; baseline 0.001 -15"><span class='ocrx_word' id='word_1_159' title='bbox 121 1499 162 1522; x_wconf 64' lang='grc' dir='ltr'>πο</span> <span class='ocrx_word' id='word_1_160' title='bbox 178 1486 310 1538; x_wconf 85' lang='lat' dir='ltr'>augeri</span> <span class='ocrx_word' id='word_1_161' title='bbox 331 1500 451 1538; x_wconf 89' lang='lat' dir='ltr'>quam</span> <span class='ocrx_word' id='word_1_162' title='bbox 471 1485 572 1537; x_wconf 88' lang='lat' dir='ltr'>regis</span> <span class='ocrx_word' id='word_1_163' title='bbox 592 1485 740 1525; x_wconf 90' lang='lat' dir='ltr'>maluit.</span> <span class='ocrx_word' id='word_1_164' title='bbox 798 1499 891 1524; x_wconf 89' lang='lat' dir='ltr'>nam</span> <span class='ocrx_word' id='word_1_165' title='bbox 911 1499 1003 1525; x_wconf 91' lang='lat' dir='ltr'>cum</span> <span class='ocrx_word' id='word_1_166' title='bbox 1034 1499 1218 1536; x_wconf 90' lang='lat' dir='ltr'>magnam</span> <span class='ocrx_word' id='word_1_167' title='bbox 1238 1484 1512 1525; x_wconf 88' lang='lat' dir='ltr'>auctoritatem</span> 
     </span>
     <span class='ocr_line' id='line_1_23' title="bbox 179 1549 1514 1603; baseline -0.001 -13"><span class='ocrx_word' id='word_1_168' title='bbox 179 1551 253 1590; x_wconf 91' lang='lat' dir='ltr'>sibi</span> <span class='ocrx_word' id='word_1_169' title='bbox 283 1565 416 1603; x_wconf 89' lang='lat' dir='ltr'>pugna</span> <span class='ocrx_word' id='word_1_170' title='bbox 444 1551 510 1591; x_wconf 91' lang='lat' dir='ltr'>illa</span> <span class='ocrx_word' id='word_1_171' title='bbox 539 1551 679 1599; x_wconf 90' lang='lat' dir='ltr'>navali,</span> <span class='ocrx_word' id='word_1_172' title='bbox 701 1564 821 1602; x_wconf 90' lang='lat' dir='ltr'>quam</span> <span class='ocrx_word' id='word_1_173' title='bbox 851 1552 959 1602; x_wconf 87' lang='lat' dir='ltr'>apud</span> <span class='ocrx_word' id='word_1_174' title='bbox 989 1550 1165 1591; x_wconf 91' lang='lat' dir='ltr'>Cnidum</span> <span class='ocrx_word' id='word_1_175' title='bbox 1192 1551 1347 1598; x_wconf 87' lang='lat' dir='ltr'>fecerat,</span> <span class='ocrx_word' id='word_1_176' title='bbox 1370 1549 1514 1590; x_wconf 89' lang='lat' dir='ltr'>consti-</span> 
     </span>
     <span class='ocr_line' id='line_1_24' title="bbox 178 1614 1512 1664; baseline -0.001 -9"><span class='ocrx_word' id='word_1_177' title='bbox 178 1616 315 1657; x_wconf 89' lang='lat' dir='ltr'>tuisset</span> <span class='ocrx_word' id='word_1_178' title='bbox 335 1631 416 1656; x_wconf 91' lang='lat' dir='ltr'>non</span> <span class='ocrx_word' id='word_1_179' title='bbox 437 1619 564 1656; x_wconf 89' lang='lat' dir='ltr'>solum</span> <span class='ocrx_word' id='word_1_180' title='bbox 587 1617 687 1656; x_wconf 90' lang='lat' dir='ltr'>inter</span> <span class='ocrx_word' id='word_1_181' title='bbox 706 1617 905 1664; x_wconf 88' lang='lat' dir='ltr'>barbaros,</span> <span class='ocrx_word' id='word_1_182' title='bbox 929 1617 999 1655; x_wconf 92' lang='lat' dir='ltr'>sed</span> <span class='ocrx_word' id='word_1_183' title='bbox 1023 1615 1141 1655; x_wconf 89' lang='lat' dir='ltr'>etiam</span> <span class='ocrx_word' id='word_1_184' title='bbox 1162 1629 1302 1655; x_wconf 90' lang='lat' dir='ltr'>omnes</span> <span class='ocrx_word' id='word_1_185' title='bbox 1324 1614 1512 1655; x_wconf 91' lang='lat' dir='ltr'>Graeciae</span> 
     </span>
     <span class='ocr_line' id='line_1_25' title="bbox 178 1680 1511 1732; baseline -0.001 -12"><span class='ocrx_word' id='word_1_186' title='bbox 178 1682 365 1731; x_wconf 87' lang='lat' dir='ltr'>civitates,</span> <span class='ocrx_word' id='word_1_187' title='bbox 387 1684 489 1722; x_wconf 89' lang='lat' dir='ltr'>clam</span> <span class='ocrx_word' id='word_1_188' title='bbox 519 1683 613 1722; x_wconf 89' lang='lat' dir='ltr'>dare</span> <span class='ocrx_word' id='word_1_189' title='bbox 641 1695 802 1732; x_wconf 89' lang='lat' dir='ltr'>operam</span> <span class='ocrx_word' id='word_1_190' title='bbox 832 1681 975 1732; x_wconf 90' lang='lat' dir='ltr'>coepit,</span> <span class='ocrx_word' id='word_1_191' title='bbox 997 1689 1040 1720; x_wconf 93' lang='lat' dir='ltr'>ut</span> <span class='ocrx_word' id='word_1_192' title='bbox 1070 1680 1227 1721; x_wconf 89' lang='lat' dir='ltr'>Ioniam</span> <span class='ocrx_word' id='word_1_193' title='bbox 1260 1688 1300 1720; x_wconf 94' lang='lat' dir='ltr'>et</span> <span class='ocrx_word' id='word_1_194' title='bbox 1328 1680 1511 1720; x_wconf 87' lang='lat' dir='ltr'>Aeoliam</span> 
     </span>
     <span class='ocr_line' id='line_1_26' title="bbox 178 1745 1550 1797; baseline -0.002 -10"><span class='ocrx_word' id='word_1_195' title='bbox 178 1747 397 1787; x_wconf 88' lang='lat' dir='ltr'>restitueret</span> <span class='ocrx_word' id='word_1_196' title='bbox 426 1746 748 1788; x_wconf 85' lang='lat' dir='ltr'>Atheniensibus.</span> <span class='ocrx_word' id='word_1_197' title='bbox 808 1746 849 1785; x_wconf 93' lang='lat' dir='ltr'>id</span> <span class='ocrx_word' id='word_1_198' title='bbox 883 1759 975 1785; x_wconf 92' lang='lat' dir='ltr'>cum</span> <span class='ocrx_word' id='word_1_199' title='bbox 1006 1745 1137 1785; x_wconf 91' lang='lat' dir='ltr'>minus</span> <span class='ocrx_word' id='word_1_200' title='bbox 1168 1745 1376 1797; x_wconf 91' lang='lat' dir='ltr'>diligenter</span> <span class='ocrx_word' id='word_1_201' title='bbox 1408 1752 1511 1785; x_wconf 88' lang='lat' dir='ltr'>esset</span> <span class='ocrx_word' id='word_1_202' title='bbox 1530 1758 1550 1790; x_wconf 80' lang='lat'><strong>3</strong></span> 
     </span>
    </p>

    <p class='ocr_par' dir='ltr' id='par_1_8' title="bbox 120 1812 1549 2127">
     <span class='ocr_line' id='line_1_27' title="bbox 120 1812 1512 1864; baseline -0.001 -12"><span class='ocrx_word' id='word_1_203' title='bbox 120 1825 159 1857; x_wconf 85' lang='lat'>²5</span> <span class='ocrx_word' id='word_1_204' title='bbox 178 1814 360 1861; x_wconf 92' lang='lat' dir='ltr'>celatum,</span> <span class='ocrx_word' id='word_1_205' title='bbox 391 1813 608 1861; x_wconf 91' lang='lat' dir='ltr'>Tiribazus,</span> <span class='ocrx_word' id='word_1_206' title='bbox 639 1812 708 1864; x_wconf 93' lang='lat' dir='ltr'>qui</span> <span class='ocrx_word' id='word_1_207' title='bbox 737 1812 926 1853; x_wconf 89' lang='lat' dir='ltr'>Sardibus</span> <span class='ocrx_word' id='word_1_208' title='bbox 955 1820 1142 1864; x_wconf 87' lang='lat' dir='ltr'>praeerat,</span> <span class='ocrx_word' id='word_1_209' title='bbox 1179 1813 1390 1853; x_wconf 91' lang='lat' dir='ltr'>Cononem</span> <span class='ocrx_word' id='word_1_210' title='bbox 1424 1825 1512 1851; x_wconf 89' lang='lat' dir='ltr'>evo-</span> 
     </span>
     <span class='ocr_line' id='line_1_28' title="bbox 178 1878 1508 1929; baseline -0.002 -11"><span class='ocrx_word' id='word_1_211' title='bbox 178 1878 291 1926; x_wconf 91' lang='lat' dir='ltr'>cavit,</span> <span class='ocrx_word' id='word_1_212' title='bbox 313 1879 502 1919; x_wconf 89' lang='lat' dir='ltr'>simulans</span> <span class='ocrx_word' id='word_1_213' title='bbox 521 1880 573 1918; x_wconf 94' lang='lat' dir='ltr'>ad</span> <span class='ocrx_word' id='word_1_214' title='bbox 601 1892 731 1929; x_wconf 91' lang='lat' dir='ltr'>regem</span> <span class='ocrx_word' id='word_1_215' title='bbox 752 1891 843 1918; x_wconf 89' lang='lat' dir='ltr'>eum</span> <span class='ocrx_word' id='word_1_216' title='bbox 869 1892 910 1917; x_wconf 92' lang='lat' dir='ltr'>se</span> <span class='ocrx_word' id='word_1_217' title='bbox 931 1878 1085 1918; x_wconf 86' lang='lat' dir='ltr'>mittere</span> <span class='ocrx_word' id='word_1_218' title='bbox 1104 1879 1204 1917; x_wconf 88' lang='lat' dir='ltr'>velle</span> <span class='ocrx_word' id='word_1_219' title='bbox 1225 1891 1367 1929; x_wconf 90' lang='lat' dir='ltr'>magna</span> <span class='ocrx_word' id='word_1_220' title='bbox 1386 1878 1437 1917; x_wconf 95' lang='lat' dir='ltr'>de</span> <span class='ocrx_word' id='word_1_221' title='bbox 1457 1891 1508 1917; x_wconf 91' lang='lat' dir='ltr'>re.</span> 
     </span>
     <span class='ocr_line' id='line_1_29' title="bbox 177 1941 1510 1996; baseline 0 -14"><span class='ocrx_word' id='word_1_222' title='bbox 177 1943 294 1983; x_wconf 92' lang='lat' dir='ltr'>huius</span> <span class='ocrx_word' id='word_1_223' title='bbox 314 1945 455 1984; x_wconf 90' lang='lat' dir='ltr'>nuntio</span> <span class='ocrx_word' id='word_1_224' title='bbox 474 1958 615 1996; x_wconf 90' lang='lat' dir='ltr'>parens</span> <span class='ocrx_word' id='word_1_225' title='bbox 635 1958 727 1984; x_wconf 89' lang='lat' dir='ltr'>cum</span> <span class='ocrx_word' id='word_1_226' title='bbox 747 1944 929 1992; x_wconf 89' lang='lat' dir='ltr'>venisset,</span> <span class='ocrx_word' id='word_1_227' title='bbox 953 1945 993 1990; x_wconf 85' lang='lat' dir='ltr'>in</span> <span class='ocrx_word' id='word_1_228' title='bbox 1012 1944 1142 1983; x_wconf 90' lang='lat' dir='ltr'>vincla</span> <span class='ocrx_word' id='word_1_229' title='bbox 1157 1943 1362 1983; x_wconf 90' lang='lat' dir='ltr'>coniectus</span> <span class='ocrx_word' id='word_1_230' title='bbox 1382 1950 1451 1990; x_wconf 83' lang='lat' dir='ltr'>est,</span> <span class='ocrx_word' id='word_1_231' title='bbox 1470 1941 1510 1981; x_wconf 89' lang='lat' dir='ltr'>in</span> 
     </span>
     <span class='ocr_line' id='line_1_30' title="bbox 177 2009 1549 2062; baseline -0.001 -13"><span class='ocrx_word' id='word_1_232' title='bbox 177 2009 322 2060; x_wconf 91' lang='lat' dir='ltr'>quibus</span> <span class='ocrx_word' id='word_1_233' title='bbox 359 2010 603 2062; x_wconf 90' lang='lat' dir='ltr'>aliquamdiu</span> <span class='ocrx_word' id='word_1_234' title='bbox 642 2009 725 2049; x_wconf 88' lang='lat' dir='ltr'>fuit.</span> <span class='ocrx_word' id='word_1_235' title='bbox 802 2009 895 2050; x_wconf 91' lang='lat' dir='ltr'>inde</span> <span class='ocrx_word' id='word_1_236' title='bbox 934 2009 1113 2049; x_wconf 91' lang='lat' dir='ltr'>nonnulli</span> <span class='ocrx_word' id='word_1_237' title='bbox 1153 2023 1244 2048; x_wconf 90' lang='lat' dir='ltr'>eum</span> <span class='ocrx_word' id='word_1_238' title='bbox 1288 2010 1340 2048; x_wconf 90' lang='lat' dir='ltr'>ad</span> <span class='ocrx_word' id='word_1_239' title='bbox 1378 2022 1509 2059; x_wconf 88' lang='lat' dir='ltr'>regem</span> <span class='ocrx_word' id='word_1_240' title='bbox 1528 2023 1549 2055; x_wconf 86' lang='lat'>4</span> 
     </span>
     <span class='ocr_line' id='line_1_31' title="bbox 176 2074 1511 2127; baseline -0.001 -13"><span class='ocrx_word' id='word_1_241' title='bbox 176 2075 395 2116; x_wconf 90' lang='lat' dir='ltr'>abductum</span> <span class='ocrx_word' id='word_1_242' title='bbox 415 2076 550 2127; x_wconf 90' lang='lat' dir='ltr'>ibique</span> <span class='ocrx_word' id='word_1_243' title='bbox 570 2089 661 2115; x_wconf 91' lang='lat' dir='ltr'>eum</span> <span class='ocrx_word' id='word_1_244' title='bbox 686 2075 832 2127; x_wconf 90' lang='lat' dir='ltr'>perisse</span> <span class='ocrx_word' id='word_1_245' title='bbox 853 2075 1039 2127; x_wconf 89' lang='lat' dir='ltr'>scriptum</span> <span class='ocrx_word' id='word_1_246' title='bbox 1062 2074 1313 2126; x_wconf 86' lang='lat' dir='ltr'>reliquerunt.</span> <span class='ocrx_word' id='word_1_247' title='bbox 1373 2081 1511 2113; x_wconf 88' lang='lat' dir='ltr'>contra</span> 
     </span>
    </p>

    <p class='ocr_par' dir='ltr' id='par_1_9' title="bbox 119 2138 1510 2324">
     <span class='ocr_line' id='line_1_32' title="bbox 119 2138 1509 2192; baseline 0 -14"><span class='ocrx_word' id='word_1_248' title='bbox 119 2154 160 2186; x_wconf 81' lang='lat'>30</span> <span class='ocrx_word' id='word_1_249' title='bbox 177 2154 224 2180; x_wconf 89' lang='lat' dir='ltr'>ea</span> <span class='ocrx_word' id='word_1_250' title='bbox 253 2141 389 2181; x_wconf 89' lang='lat' dir='ltr'>Dinon</span> <span class='ocrx_word' id='word_1_251' title='bbox 419 2141 638 2189; x_wconf 88' lang='lat' dir='ltr'>historicus,</span> <span class='ocrx_word' id='word_1_252' title='bbox 669 2140 733 2180; x_wconf 93' lang='lat' dir='ltr'>cui</span> <span class='ocrx_word' id='word_1_253' title='bbox 763 2154 837 2180; x_wconf 91' lang='lat' dir='ltr'>nos</span> <span class='ocrx_word' id='word_1_254' title='bbox 875 2139 1087 2192; x_wconf 85' lang='lat' dir='ltr'>plurimum</span> <span class='ocrx_word' id='word_1_255' title='bbox 1117 2141 1168 2179; x_wconf 87' lang='lat' dir='ltr'>de</span> <span class='ocrx_word' id='word_1_256' title='bbox 1198 2138 1363 2178; x_wconf 89' lang='lat' dir='ltr'>Persicis</span> <span class='ocrx_word' id='word_1_257' title='bbox 1392 2139 1509 2179; x_wconf 90' lang='lat' dir='ltr'>rebus</span> 
     </span>
     <span class='ocr_line' id='line_1_33' title="bbox 176 2202 1510 2258; baseline -0.001 -13"><span class='ocrx_word' id='word_1_258' title='bbox 176 2206 384 2255; x_wconf 91' lang='lat' dir='ltr'>credimus,</span> <span class='ocrx_word' id='word_1_259' title='bbox 406 2207 588 2258; x_wconf 85' lang='lat' dir='ltr'>effugisse</span> <span class='ocrx_word' id='word_1_260' title='bbox 608 2205 760 2257; x_wconf 89' lang='lat' dir='ltr'>scripsit</span> <span class='ocrx_word' id='word_1_261' title='bbox 780 2221 787 2245; x_wconf 90' lang='lat'>:</span> <span class='ocrx_word' id='word_1_262' title='bbox 817 2206 913 2245; x_wconf 93' lang='lat' dir='ltr'>illud</span> <span class='ocrx_word' id='word_1_263' title='bbox 932 2204 1153 2253; x_wconf 90' lang='lat' dir='ltr'>addubitat,</span> <span class='ocrx_word' id='word_1_264' title='bbox 1174 2212 1306 2243; x_wconf 92' lang='lat' dir='ltr'>utrum</span> <span class='ocrx_word' id='word_1_265' title='bbox 1326 2202 1510 2244; x_wconf 89' lang='lat' dir='ltr'>Tiribazo</span> 
     </span>
     <span class='ocr_line' id='line_1_34' title="bbox 177 2271 913 2324; baseline -0.001 -13"><span class='ocrx_word' id='word_1_266' title='bbox 177 2272 324 2312; x_wconf 89' lang='lat' dir='ltr'>sciente</span> <span class='ocrx_word' id='word_1_267' title='bbox 343 2286 394 2312; x_wconf 91' lang='lat' dir='ltr'>an</span> <span class='ocrx_word' id='word_1_268' title='bbox 414 2272 665 2324; x_wconf 88' lang='lat' dir='ltr'>imprudente</span> <span class='ocrx_word' id='word_1_269' title='bbox 686 2271 734 2310; x_wconf 87' lang='lat' dir='ltr'>sit</span> <span class='ocrx_word' id='word_1_270' title='bbox 755 2273 913 2311; x_wconf 89' lang='lat' dir='ltr'>factum.</span> 
     </span>
    </p>
   </div>
   <div class='ocr_carea' id='block_1_4' title="bbox 179 2374 1510 2462">
    <p class='ocr_par' dir='ltr' id='par_1_10' title="bbox 179 2374 1510 2462">
     <span class='ocr_line' id='line_1_35' title="bbox 221 2374 1510 2417; baseline -0.002 -9"><span class='ocrx_word' id='word_1_271' title='bbox 221 2388 241 2415; x_wconf 90' lang='lat'>4</span> <span class='ocrx_word' id='word_1_272' title='bbox 265 2381 299 2408; x_wconf 90' lang='lat' dir='ltr'>et</span> <span class='ocrx_word' id='word_1_273' title='bbox 327 2377 529 2417; x_wconf 87' lang='lat' dir='ltr'>prudentem</span> <span class='ocrx_word' id='word_1_274' title='bbox 560 2375 671 2407; x_wconf 89' lang='lat' dir='ltr'>Halm</span> <span class='ocrx_word' id='word_1_275' title='bbox 819 2387 836 2416; x_wconf 92' lang='lat'><strong>7</strong></span> <span class='ocrx_word' id='word_1_276' title='bbox 862 2375 1012 2408; x_wconf 85' lang='lat' dir='ltr'>Gnidum</span> <span class='ocrx_word' id='word_1_277' title='bbox 1046 2374 1133 2408; x_wconf 85' lang='lat' dir='ltr'>codd.</span> <span class='ocrx_word' id='word_1_278' title='bbox 1291 2385 1334 2405; x_wconf 82' lang='lat'>22</span> <span class='ocrx_word' id='word_1_279' title='bbox 1359 2374 1510 2407; x_wconf 85' lang='lat' dir='ltr'>Graecae</span> 
     </span>
     <span class='ocr_line' id='line_1_36' title="bbox 179 2419 437 2462; baseline 0.004 -10"><span class='ocrx_word' id='word_1_280' title='bbox 179 2419 325 2452; x_wconf 78' lang='lat' dir='ltr'>ciuitatis</span> <span class='ocrx_word' id='word_1_281' title='bbox 340 2419 437 2462; x_wconf 66' lang='lat' dir='ltr'>thp.</span> 
     </span>
    </p>
   </div>
  </div>
 </body>
</html>
