1746 2740
143 523 162 556 5

127 855 165 877 10

126 2217 168 2249 30

623 137 1064 177 THEMISTOCLES
1459 136 1514 174 11.
1537 146 1568 173 x

180 252 245 292 hic
268 265 360 292 cum
382 252 507 290 multa
530 250 610 302 regi
630 257 734 290 esset
759 248 959 300 pollicitus
981 247 1327 299 gratissimumque
1353 247 1461 295 illud,
1484 247 1516 286 si
1537 266 1553 288 2

180 317 260 357 suis
289 316 346 356 uti
370 316 544 356 consiliis
573 317 701 364 vellet,
723 307 833 354 illum
859 314 1067 354 Graeciam
1094 314 1200 354 bello
1223 327 1514 365 oppressurum,

181 382 335 435 magnis
369 382 599 422 muneribus
620 371 682 420 'ab
710 383 923 420 Artaxerxe
956 381 1128 419 donatus
1157 379 1199 418 in
1230 379 1367 419 Asiam
1401 379 1516 419 rediit

181 447 509 498 domiciliumque
549 446 780 497 Magnesiae
818 445 893 484 sibi
930 445 1145 485 constituit.
1205 458 1379 495 namque
1413 445 1517 483 hanc
1536 458 1554 488 3

182 514 321 552 urbem
350 512 386 552 ei
416 526 481 552 rex
510 514 691 560 donarat,
720 511 781 550 his
815 510 979 562 quidem
1009 509 1150 558 verbis,
1181 523 1284 560 quae
1310 509 1347 548 ei
1372 522 1516 560 panem

182 579 386 630 praeberet
416 578 480 629 (ex
510 591 589 629 qua
621 577 782 628 regione
811 575 1098 628 quinquaginta
1127 577 1275 615 talenta
1304 574 1518 626 quotannis

182 644 394 695 redibant),
432 645 696 695 Lampsacum
730 651 874 690 autem,
906 643 1014 682 unde
1044 641 1181 681 vinum
1213 648 1396 688 sumeret,
1433 642 1519 692 My-

182 717 287 756 unta‚
319 723 367 749 ex
395 723 473 760 qua
501 708 714 748 obsonium
743 709 917 748 haberet.

239 774 371 813 Huius
408 776 460 814 ad
498 782 672 813 nostram
711 773 943 813 memoriam
986 781 1247 813 monumenta
1289 781 1519 813 manserunt

183 842 288 880 duo:
317 841 540 891 sepulcrum
564 853 687 891 prope
710 839 915 891 oppidum,
937 839 977 878 in
997 853 1078 890 quo
1102 847 1161 878 est
1181 840 1369 890 sepultus,
1391 846 1520 878 statua

183 905 223 944 in
264 906 349 944 foro
393 905 633 957 Magnesiae.
704 905 755 944 de
797 904 909 944 cuius
956 912 1083 944 morte
1126 904 1371 943 multimodis
1410 905 1517 955 apud
1537 923 1558 953 4

184 973 392 1022 plerosque
417 971 605 1023 scriptum
635 979 704 1019 est,
734 971 805 1010 sed
827 984 901 1010 nos
930 971 1104 1010 eundem
1133 969 1383 1021 potissimum
1413 971 1519 1008 Thu-

184 1035 368 1086 cydidem
409 1043 613 1075 auctorem
655 1036 881 1087 probamus,
926 1035 995 1086 qui
1037 1034 1147 1074 illum
1189 1035 1244 1074 ait
1288 1035 1519 1086 Magnesiae

186 1101 326 1139 morbo
353 1108 551 1140 mortuum
576 1114 707 1151 neque
735 1107 852 1152 negat
882 1100 1002 1139 fuisse
1031 1101 1187 1148 famam,
1220 1113 1418 1139 venenum
1448 1114 1519 1139 sua

187 1174 328 1217 sponte
367 1166 591 1217 sumpsisse,
633 1180 724 1205 cum
764 1179 816 1214 se,
857 1179 960 1217 quae
997 1165 1078 1217 regi
1108 1167 1159 1205 de
1193 1165 1360 1205 Graecia
1392 1166 1520 1217 oppri-

187 1231 334 1270 menda
363 1231 562 1282 pollicitus
593 1239 705 1279 esset,
738 1239 934 1282 praestare
965 1244 1083 1282 posse
1114 1232 1350 1282 desperaret.
1410 1231 1518 1271 idem
1539 1246 1557 1277 5

186 1309 276 1335 ossa
295 1296 379 1335 eius
398 1297 501 1335 clam
525 1296 566 1335 in
586 1296 719 1336 Attica
737 1297 790 1336 ab
812 1296 950 1335 amicis
970 1298 1134 1348 sepulta,
1156 1296 1347 1347 quoniam
1367 1296 1519 1348 legibus

186 1374 267 1400 non
296 1362 591 1410 concederetur,
626 1363 736 1413 quod
768 1361 1005 1413 proditionis
1038 1369 1142 1402 esset
1179 1363 1401 1410 damnatus,
1442 1375 1521 1402 me-

187 1426 334 1466 moriae
361 1426 546 1478 prodidit.

239 1557 479 1604 ARISTmEs,
519 1555 746 1607 Lysimachi
779 1555 892 1603 filius,
924 1555 1192 1603 Atheniensis,
1226 1555 1403 1606 aequalis
1440 1557 1521 1595 sere
1539 1570 1557 1598 1

186 1619 258 1659 fuit
291 1620 551 1660 Themistocli
582 1620 715 1672 itaque
745 1634 837 1660 cum
871 1634 921 1660 eo
954 1622 1005 1660 de
1034 1620 1255 1672 principatu
1289 1621 1519 1660 contendit:

185 1699 358 1736 namque
381 1686 651 1725 obtrectarunt
673 1686 775 1725 inter
797 1699 851 1725 se.
909 1685 950 1724 in
975 1685 1036 1724 his
1061 1693 1195 1725 autem
1219 1686 1423 1737 cognitum
1448 1694 1517 1733 est,
1542 1705 1556 1727 2

184 1758 335 1802 quanto
353 1758 565 1790 antestaret
584 1751 811 1802 eloquentia
830 1750 1092 1790 innocentiae.
1151 1765 1393 1802 quamquam
1413 1751 1519 1790 enim

185 1817 287 1854 adeo
321 1816 537 1855 excellebat
566 1816 760 1855 Aristides
790 1816 1041 1864 abstinentia,
1074 1824 1117 1855 ut
1145 1830 1248 1855 unus
1277 1824 1368 1868 post
1396 1817 1520 1855 homi-

150 1899 166 1930 5
187 1894 282 1919 num
307 1881 549 1927 memoriam,
576 1895 695 1932 quem
720 1881 884 1932 quidem
908 1895 982 1920 nos
1005 1881 1259 1930 audierimus,
1281 1881 1520 1933 cognomine

189 1947 321 1985 Iustus
359 1946 408 1985 sit
439 1948 670 1997 appellatus,
706 1954 839 1986 tamen
872 1960 896 1986 a
929 1947 1199 1987 Themistocle
1237 1947 1519 1987 collabefactus

186 2012 328 2050 testula
347 2011 413 2050 illa
431 2011 546 2050 exilio
565 2013 706 2051 decem
725 2025 920 2051 annorum
942 2014 1128 2051 multatus
1148 2021 1218 2052 est.
1267 2012 1336 2064 qui
1355 2012 1518 2063 quidem
1539 2028 1557 2057 3

185 2090 277 2115 cum
325 2076 567 2127 intellegeret
614 2076 770 2128 reprimi
814 2077 1053 2116 concitatam
1093 2077 1389 2117 multitudinem
1437 2091 1517 2117 non

186 2155 313 2192 posse,
339 2143 566 2193 cedensque
595 2142 936 2182 animadvertisset
964 2143 1166 2193 quendam
1197 2142 1446 2190 scribentem,
1476 2151 1518 2182 ut

186 2206 309 2257 patria
337 2208 555 2257 pelleretur,
586 2206 786 2258 quaesisse
814 2208 866 2246 ab
892 2221 941 2247 eo
970 2207 1123 2255 dicitur,
1154 2221 1275 2257 quare
1305 2207 1346 2246 id
1374 2209 1518 2247 faceret

229 2320 249 2350 5
272 2310 426 2352 quidem]
444 2321 525 2342 usus
549 2310 622 2342 MR
765 2321 783 2350 7
809 2310 954 2351 Myunta
977 2310 1109 2343 Aldus:
1141 2311 1320 2352 Myuntam
1337 2322 1384 2343 u:
1419 2310 1515 2353 Myn-

185 2358 252 2384 tam
272 2354 327 2385 P:
351 2353 528 2394 Myntham
548 2355 638 2396 (mh)
662 2353 806 2386 ABMR
942 2365 981 2386 ιο
1001 2359 1112 2386 statua
1127 2354 1253 2386 Fleck.:
1276 2359 1409 2387 statuae
1425 2355 1512 2387 codd.

189 2406 224 2427 ιι
251 2397 364 2428 multis
381 2398 489 2428 modis
514 2397 613 2428 MRu
782 2409 821 2430 21
847 2403 950 2438 atque
973 2398 1185 2429 Kellerbauer
1334 2408 1375 2439 25
1397 2398 1515 2442 quem]

185 2450 273 2482 quae
302 2440 393 2473 Dan.
412 2452 420 2474 2
448 2442 538 2484 quod
564 2440 661 2473 MRu
793 2453 836 2483 29
859 2443 1146 2474 animaduerteret
1169 2442 1210 2474 M
1223 2442 1296 2475 dat.
