1746 2740
739 155 1010 193 DATAMES
1469 154 1581 193 XIV.
1603 151 1619 192 i

254 267 471 313 DATAMES,
494 273 604 317 patre
628 264 840 313 Camisare,
868 263 1028 304 natione
1051 265 1165 311 Care,
1187 271 1311 304 matre
1335 263 1535 314 Scythissa
1553 277 1572 304 1

196 338 324 378 natus,
357 330 529 382 primum
563 329 733 369 militum
765 330 808 369 in
842 332 1008 370 numero
1041 329 1114 368 fuit
1143 330 1255 380 'apud
1291 331 1533 369 Artaxerxen

197 409 346 445 eorum,
374 395 443 447 qui
469 395 615 447 regiam
639 395 862 435 tuebantur.
920 403 1031 447 pater
1054 394 1138 435 eius
1163 394 1397 443 Camisares,
1423 397 1533 446 quod

197 469 236 500 et
263 475 383 501 manu
413 460 523 501 fortis
551 469 591 500 et
617 461 723 500 bello
743 468 926 500 strenuus
952 468 992 500 et
1017 460 1098 512 regi
1128 460 1262 500 multis
1287 460 1386 500 locis
1406 460 1533 500 fidelis

159 543 177 574 5
196 535 279 566 erat
324 534 512 578 repertuS,
552 526 693 566 habuit
739 526 982 578 provinciam
1027 534 1179 577 partem
1223 525 1387 567 Ciliciae
1427 525 1534 565 iuxta

197 591 506 644 Cappadociam,
529 605 649 643 quam
672 591 854 631 incolunt
874 591 1098 642 Leucosyri.
1157 594 1348 632 Datames
1368 591 1533 631 militare
1554 606 1570 628 2

198 671 342 697 munus
362 659 530 708 fungens
554 656 736 709 primum,
759 657 886 709 qualis
910 665 1028 706 esset,
1045 657 1199 708 aperuit
1218 657 1260 696 in
1283 657 1401 706 bello,
1423 658 1533 708 quod

199 738 264 762 rex
289 725 477 764 adversus
503 723 701 764 Cadusios
727 723 857 775 gessit.
915 737 1090 775 namque
1119 723 1184 763 hic
1211 723 1344 763 multis
1373 722 1533 762 milibus

199 789 394 840 regiorum
413 788 628 828 interfectis
649 788 781 841 magni
800 789 873 828 fuit
899 788 983 829 eius
1002 803 1132 840 opera.
1191 803 1273 840 quo
1292 790 1440 828 sactum
1460 796 1531 837 est,

140 871 181 895 10
198 868 290 894 cum
316 854 356 893 in
383 868 432 894 eo
456 855 562 895 bello
587 854 795 895 cecidisset
819 848 1053 904 Camisares,
1083 861 1129 895 ut
1156 862 1320 907 paterna
1345 854 1381 894 ei
1410 855 1534 894 trade-

197 928 299 959 retur
329 919 541 972 provincia.

252 984 339 1024 Pari
359 999 401 1024 se
421 985 562 1025 virtute
585 994 724 1038 postea
746 986 936 1038 praebuit,
959 1000 1051 1026 cum
1076 987 1401 1038 Autophrodates
1424 986 1532 1025 iussu
1554 996 1580 1025 2

196 1049 297 1101 regis
337 1050 444 1090 bello
486 1060 786 1103 persequeretur
823 1066 892 1092 eos
934 1052 1004 1103 qui
1046 1053 1282 1093 defecerant.
1344 1065 1533 1102 ,namque

197 1115 314 1155 huius
347 1129 467 1167 opera
496 1117 642 1165 hostes,
675 1131 767 1156 cum
801 1125 927 1157 castra
959 1117 1038 1157 iam
1077 1118 1298 1166 intrassent,
1337 1116 1533 1168 profligati

141 1194 178 1227 ¹⁵
197 1189 288 1220 sunt
311 1181 582 1233 exercitusque
605 1182 778 1234 reliquus
800 1191 1054 1224 conservatus
1080 1183 1180 1235 regis
1208 1191 1292 1226 est:
1320 1197 1400 1234 qua
1423 1197 1470 1223 ex
1491 1197 1533 1223 re

197 1245 411 1287 maioribus
443 1248 559 1287 rebus
585 1261 766 1299 praeesse
799 1248 941 1300 coepit.
999 1257 1082 1289 erat
1107 1263 1157 1289 eo
1190 1257 1369 1300 ternpore
1394 1250 1531 1300 Thuys
1552 1265 1570 1288 2

196 1312 381 1362 dynastes
409 1313 712 1364 Paphlagoniae,
739 1313 906 1365 antiquo
930 1328 1086 1366 genere,
1110 1322 1219 1355 ortus
1243 1327 1268 1354 a
1292 1316 1530 1365 Pylaemene

194 1376 274 1426 illo,
305 1391 425 1429 quem
461 1379 663 1418 Homerus
691 1378 838 1419 Troico
872 1379 978 1420 bello
1007 1393 1033 1419 a
1063 1381 1246 1419 Patroclo
1271 1379 1529 1420 *intersectum

193 1442 259 1482 ait.
317 1442 349 1482 is
387 1443 467 1495 regi
500 1443 608 1484 dicto
645 1443 812 1484 audiens
846 1459 928 1485 non
966 1453 1059 1485 erat.
1118 1458 1239 1496 quam
1277 1445 1331 1485 ob
1369 1459 1529 1485 causam
1551 1458 1569 1490 3

137 1521 178 1544 20
195 1509 300 1548 bello
323 1523 415 1549 eum
442 1509 625 1561 persequi
650 1510 855 1550 constituit
881 1510 998 1562 eique
1023 1511 1078 1551 rei
1102 1511 1289 1563 praefecit
1316 1513 1531 1561 Datamen,

194 1574 461 1626 propinquum
486 1575 775 1627 Paphlagonis:
805 1590 979 1627 namque
1001 1590 1049 1616 ex
1068 1577 1185 1616 fratre
1203 1584 1242 1617 et
1265 1589 1398 1616 sorore
1418 1584 1529 1616 erant

193 1639 285 1679 nati.
343 1654 462 1692 quam
483 1641 537 1680 ob
561 1654 719 1680 causam
742 1643 932 1681 Datames
951 1641 1121 1693 primum
1147 1641 1311 1692 experiri
1330 1641 1464 1690 voluit,
1486 1649 1530 1681 ut

192 1704 278 1744 sine
310 1706 428 1746 armis
461 1706 727 1758 propinquum
760 1708 813 1747 ad
843 1702 1018 1746 officium
1052 1708 1266 1747 reduceret.
1325 1707 1377 1746 ad
1407 1721 1527 1758 quem

193 1784 284 1809 cum
304 1771 475 1812 venisset
494 1771 579 1812 sine
602 1772 809 1824 praesidio,
832 1773 942 1823 quod
961 1773 1013 1812 ab
1031 1772 1162 1812 amico
1186 1773 1313 1812 nullas
1332 1780 1529 1812 vereretur

135 1846 175 1879 ²5
194 1835 368 1885 insidias,
399 1850 526 1887 paene
555 1837 722 1878 interiit:
761 1851 853 1877 nam
883 1839 1022 1889 Thuys
1051 1851 1144 1878 eum
1173 1839 1274 1877 clam
1309 1836 1527 1879 interficere

192 1900 326 1940 voluit.
385 1909 466 1941 erat
499 1910 623 1943 mater
651 1917 742 1943 cum
775 1905 957 1952 Datame,
992 1902 1113 1945 amita
1140 1902 1422 1955 Paphlagonis.
1481 1918 1528 1943 ea
1546 1920 1566 1950 4

192 1964 288 2016 quid
311 1975 489 2017 ageretur
508 1967 637 2007 resciit
657 1967 862 2020 filiumque
886 1968 1051 2009 monuit.
1111 1967 1176 2007 ille
1195 1967 1525 2019 fugapericulum
1546 1984 1565 2017 5

190 2030 347 2071 evitavit
381 2031 609 2084 bellumque
640 2032 780 2072 indixit
809 2034 981 2085 Thuyni.
1040 2034 1081 2073 in
1107 2047 1189 2085 quo
1217 2046 1309 2072 cum
1337 2034 1390 2073 ab
1415 2033 1525 2074 Ario-

191 2095 367 2145 barzane,
408 2099 605 2148 praesecto
650 2098 798 2149 Lydiae
835 2107 875 2140 et
914 2099 1052 2140 Ioniae
1086 2098 1286 2150 totiusque
1322 2099 1521 2150 Phrygiae,

130 2171 172 2204 30
190 2161 367 2201 desertus
387 2170 502 2211 esset,
524 2162 649 2203 nihilo
669 2163 827 2215 segnius
847 2164 1109 2216 perseveravit
1129 2164 1342 2216 vivumque
1363 2165 1522 2215 'l'huym

188 2226 292 2278 cepit
311 2240 403 2267 curn
423 2242 542 2268 uxore
562 2237 600 2268 et
620 2228 762 2269 liberis.

229 2339 250 2361 2
273 2330 308 2362 in
323 2331 399 2363 add.
414 2331 513 2364 Fleck.
531 2343 538 2365 :
564 2333 598 2364 in
611 2332 752 2365 militum
765 2332 866 2376 Nipp.
983 2343 1022 2367 10
1043 2339 1079 2367 ut
1095 2334 1173 2368 add.
1189 2334 1379 2376 Heusinger
1483 2344 1520 2375 17

187 2378 282 2404 ortus
310 2373 402 2407 Dan.
434 2375 523 2407 AB:
565 2381 664 2408 natus
696 2377 760 2410 rell.
907 2376 1117 2420 Pylaemene
1148 2378 1283 2411 Aldus:
1319 2378 1520 2412 Philemene

179 2417 324 2458 plerique
457 2429 497 2461 19
519 2421 609 2460 regis
624 2420 655 2453 ς’
