1746 2740
144 125 255 166 XIV.
269 136 302 165 v
629 123 883 167 CORNELI
913 126 1155 167 NEPOTIS

227 239 339 278 Acen
372 236 553 286 venisset,
593 239 703 290 quod
734 251 817 279 non
855 237 1059 290 ignorabat
1096 253 1143 279 ea
1175 253 1265 279 vere
1298 239 1452 292 scripta,
1492 242 1558 281 de-

228 303 394 343 sciscere
425 317 449 343 a
481 317 571 354 rege
602 302 817 344 constituit.
875 317 1006 355 neque
1037 311 1170 344 tamen
1204 304 1417 356 quicquam
1451 305 1555 354 fecit,

189 375 209 407 6
227 369 337 420 quod
357 369 436 409 fide
456 382 526 408 sua
545 377 648 408 esset
667 368 884 420 indignum.
927 383 1020 408 nam
1042 371 1304 409 Mandroclen
1326 371 1556 422 Magnetem

228 433 412 474 exercitui
438 434 650 486 praefecit3
677 434 761 486 ipse
786 447 877 474 cum
900 434 980 474 suis
1006 434 1045 474 in
1067 435 1363 487 Cappadociam
1389 435 1558 476 discedit

227 498 562 550 coniunctamque
599 499 691 538 huic
730 499 1038 551 Paphlagoniam
1077 508 1256 551 occupat,
1295 502 1439 549 celans,
1479 514 1558 552 qua
1576 514 1596 548 5

226 564 430 603 voluntate
471 571 574 603 esset
611 563 652 602 in
689 577 831 615 regern.
890 566 990 604 clam
1033 578 1125 604 cum
1163 565 1428 605 Ariobarzane
1466 565 1558 606 facit

225 628 453 676 amicitiam,
489 642 651 668 manum
685 637 898 681 comparat,
928 630 1045 670 urbes
1074 629 1246 670 munitas
1274 630 1355 670 suis
1388 632 1558 671 tuendas

226 693 358 733 tradit.

182 758 212 796 6
278 759 363 798 Sed
392 759 490 798 haec
518 767 678 810 propter
707 759 875 800 hiemale
903 767 1059 812 tempus
1093 760 1223 800 minus
1256 774 1442 812 prospere
1474 774 1560 812 pro-

229 823 435 863 cedebant.
506 823 618 863 audit
665 823 818 865 Pisidas
865 826 1057 875 quasdam
1104 824 1238 876 copias
1284 827 1470 865 adversus
1517 839 1560 866 se
1580 843 1622 868 10

229 901 374 939 parare.
433 888 557 928 filium
584 903 632 929 eo
658 889 870 929 Arsideum
899 903 990 929 cum
1015 889 1185 929 exercitu
1212 890 1330 929 mittit
1344 905 1355 939 ;
1387 890 1493 931 cadit
1519 890 1559 930 in

228 952 379 1004 proelio
414 954 658 994 adulescens.
730 953 990 1005 proficiscitur
1026 968 1075 994 eo
1112 962 1221 1006 pater
1257 969 1340 995 non
1377 955 1432 995 ita
1468 969 1560 995 cum

228 1031 371 1069 magna
409 1032 540 1067 manu,
581 1021 724 1068 celans,
765 1027 958 1070 quantum
999 1022 1142 1059 vulnus
1183 1020 1410 1071 accepisset,
1451 1021 1561 1071 quod

228 1082 335 1135 prius
354 1084 405 1123 ad
426 1084 582 1124 hostem
605 1084 809 1136 pervenire
832 1084 1028 1136 cupiebat,
1051 1099 1170 1136 quam
1195 1087 1246 1125 de
1267 1087 1369 1126 male
1387 1099 1429 1126 re
1451 1093 1562 1137 gesta

228 1149 334 1187 sama
351 1149 403 1188 ad
427 1162 519 1189 suos
538 1149 770 1200 perveniret,
791 1163 842 1189 ne
865 1149 1023 1200 cognita
1043 1150 1111 1189 filii
1137 1158 1261 1190 morte
1279 1149 1402 1189 animi
1425 1149 1562 1190 debili·
1582 1167 1594 1190 ι
1601 1167 1620 1200 5

192 1229 208 1252 2
230 1220 403 1254 tarentur
435 1213 616 1253 militum.
674 1228 755 1266 quo
788 1212 1057 1264 contenderat,
1093 1215 1269 1266 pervenit
1306 1214 1432 1266 iisque
1464 1214 1562 1255 locis

229 1285 354 1318 castra
380 1278 503 1330 ponit,
529 1287 571 1318 ut
594 1293 725 1330 neque
751 1279 945 1319 circumiri
973 1279 1225 1319 multitudine
1251 1279 1561 1319 adversariorum

230 1351 363 1395 posset
400 1357 531 1394 neque
572 1344 764 1396 impediri,
809 1344 1023 1396 quominus
1069 1344 1153 1395 ipse
1194 1345 1247 1384 ad
1287 1344 1560 1384 dimicandum

191 1424 211 1456 3
231 1422 393 1448 manum
422 1410 585 1449 haberet
613 1410 850 1461 expeditam.
907 1418 989 1449 erat
1015 1423 1107 1450 cum
1133 1423 1182 1450 eo
1207 1410 1558 1458 Mithrobarzanes,

230 1486 342 1513 socer
369 1473 464 1522 eius,
490 1476 709 1526 praefectus
738 1474 927 1526 equitum.
986 1474 1018 1514 is
1047 1474 1262 1526 desperatis
1285 1474 1418 1525 generi
1444 1476 1561 1516 rebus
1581 1492 1622 1515 ιο

229 1540 281 1578 ad
309 1540 443 1579 hostes
472 1539 687 1590 transfugit.
746 1539 787 1580 id
819 1542 1007 1580 Datames
1035 1547 1078 1579 ut
1106 1539 1268 1587 audivit,
1298 1539 1430 1587 sensit,
1459 1539 1492 1579 si
1520 1539 1561 1579 in

229 1604 385 1643 turbam
428 1604 569 1644 exisset
610 1605 662 1644 ab
700 1604 862 1644 homine
904 1613 985 1644 tam
1023 1604 1245 1644 necessario
1284 1617 1327 1644 se
1368 1604 1559 1653 relictum,

190 1683 212 1715 4
230 1664 402 1708 futurum
431 1676 474 1708 ut
497 1663 623 1709 ⁴ceteri
653 1669 862 1710 consilium
895 1676 1160 1721 sequerentur.
1218 1668 1259 1708 in
1287 1670 1426 1720 vulgus
1455 1669 1561 1710 edit:

229 1747 302 1773 suo
344 1733 452 1773 iussu
492 1734 852 1775 Mithrobarzanem
895 1736 1115 1786 profectum
1157 1747 1229 1785 pro
1267 1735 1439 1785 perfuga,
1479 1747 1561 1785 quo

228 1797 379 1838 facilius
417 1807 597 1851 receptus
635 1800 869 1840 interficeret
907 1801 1064 1839 hostes:
1107 1812 1227 1849 quare
1264 1798 1431 1849 relinqui
1468 1812 1560 1838 eum
1580 1815 1619 1848 25

229 1876 298 1914 par
330 1877 412 1903 non
442 1878 528 1904 esse
561 1873 600 1904 et
633 1878 773 1905 omnes
802 1863 1011 1905 confestim
1045 1863 1167 1914 sequi.
1225 1864 1335 1915 quod
1364 1862 1395 1902 si
1426 1862 1561 1903 animo

229 1935 388 1968 strenuo
426 1929 624 1978 fecissent,
657 1931 831 1969 futurum
869 1938 912 1970 ut
944 1927 1154 1969 adversarii
1192 1942 1274 1968 non
1311 1936 1474 1979 possent
1507 1942 1562 1968 re-

192 2005 210 2038 5
229 1991 373 2040 sistere,
407 2006 497 2033 cum
527 2002 565 2034 et
599 1994 700 2034 intra
727 1997 873 2034 vallum
903 2002 942 2034 et
969 1993 1062 2033 foris
1092 1994 1358 2033 caederentur.
1417 1994 1491 2033 hac
1520 2007 1560 2034 re

228 2058 393 2108 probata
442 2059 656 2099 exercitum
708 2059 851 2107 educit,
903 2059 1263 2098 Mithrobarzanem
1314 2058 1560 2110 persequitur

229 2130 405 2163 tantum:
446 2124 514 2175 qui
552 2139 642 2164 cum
681 2126 733 2165 ad
771 2127 905 2165 hostes
943 2131 1182 2176 pervenerat,
1225 2126 1414 2163 Datames
1447 2123 1558 2175 signa
1575 2138 1618 2171 3³

190 2193 209 2226 6
229 2186 357 2226 inferri
396 2188 515 2228 iubet.
586 2189 742 2230 Pisidae
784 2203 888 2229 nova
934 2203 974 2228 re
1004 2187 1203 2244 ⁴commoti
1245 2187 1286 2226 in
1326 2187 1556 2239 opinionem

274 2300 286 2320 1
312 2290 408 2322 Acen
441 2303 484 2325 u:
511 2291 631 2332 Ageen
655 2292 746 2326 Dan.
772 2292 926 2324 ABPR:
950 2291 1075 2323 Acrem
1099 2290 1141 2321 M
1261 2300 1299 2322 10
1322 2292 1484 2331 quosdam
1508 2291 1560 2323 uel

226 2333 311 2365 clam
328 2334 446 2376 Hoppe
536 2346 576 2375 19
601 2335 890 2368 Mithrobarzanes
907 2334 1027 2366 Lamb.
1045 2346 1052 2366 ε
1090 2334 1215 2366 Metro-
1234 2334 1321 2366 codd.
1434 2345 1478 2374 30
1499 2334 1556 2375 qui

227 2387 301 2408 cum
318 2376 408 2409 Lez'd.
427 2390 434 2411 ε
456 2378 512 2419 qui
537 2380 614 2411 dum
637 2378 729 2411 Dan.
755 2379 920 2411 ABMR:
945 2389 1010 2418 que
1034 2379 1111 2409 dum
1133 2376 1187 2409 P:
1211 2377 1267 2417 qui
1284 2382 1411 2410 tantum
1430 2387 1497 2409 non
1512 2388 1556 2410 u:

226 2420 283 2460 qui
301 2424 429 2452 tantum
446 2422 537 2461 quod
557 2421 744 2454 Gronouius
758 2426 789 2455 e!
802 2423 848 2454 sic
860 2422 1051 2463 Heusinger
1065 2420 1175 2452 addito
1191 2431 1266 2453 cum
1282 2425 1358 2453 ante
1377 2421 1540 2453 Datames
