1746 2740
170 118 220 158 V.
241 118 272 157 ii
650 119 905 166 CORNELI
940 119 1182 185 NEPOTIS

254 244 367 282 agros
386 230 538 272 civibus
558 230 700 272 divisit.
760 231 930 272 Thasios
949 232 1153 284 opulentia
1174 234 1295 273 fretos
1321 246 1395 274 suo
1412 234 1586 275 adventu

253 295 378 347 fregit.
449 296 509 341 his
533 310 580 336 ex
605 297 802 337 manubiis
823 311 892 337 arx
911 299 1169 346 Athenarum,
1192 312 1272 350 qua
1298 299 1351 338 ad
1380 298 1586 340 meridiem

253 361 389 412 vergit,
411 368 470 400 est
490 369 638 401 ornata.

211 432 236 470 3
309 425 466 476 Quibus
495 426 611 466 rebus
641 441 732 467 cum
761 441 864 467 unus
891 427 933 467 in
962 427 1119 468 civitate
1145 428 1316 469 maxime
1342 430 1508 477 floreret,
1530 429 1587 469 in·

253 489 350 536 cidit
377 490 419 530 in
447 492 617 531 eandem
643 491 833 532 invidiam
853 506 973 544 quam
1000 501 1111 544 pater
1130 507 1224 533 suus
1244 494 1445 545 ceterique
1457 496 1586 535 ¹Athe·
1604 509 1622 541 5

254 555 452 595 niensium
499 556 719 608 principes:
766 571 860 597 nam
906 565 1094 597 testarum
1137 558 1328 610 suffragiis
1372 561 1482 610 quod
1530 559 1585 599 illi

218 639 232 661 2
255 622 509 672 ὀστρακισμὸν
534 629 678 661 vocant
703 634 732 660 x
757 635 954 662 annorum
983 622 1100 662 exilio
1129 624 1316 663 multatus
1346 632 1415 663 est.
1473 624 1585 664 cuius

253 685 345 725 facti
365 685 529 726 celerius
549 686 814 727 Athenienses
835 701 954 738 quam
975 687 1104 738 ipsum
1125 687 1328 739 paenituit.
1378 702 1470 728 nam
1492 703 1584 728 cum

254 750 318 790 ille
337 750 472 790 animo
490 748 581 791 sorti
600 751 772 791 invidiae
790 751 1031 803 ingratorum
1051 752 1196 791 civium
1216 753 1399 792 cessisset
1419 754 1583 793 bellum-

253 830 332 867 que
379 815 686 856 Lacedaemonii
727 816 1038 856 Atheniensibus
1085 816 1333 867 indixissent,
1373 819 1583 858 confestim
1604 832 1644 856 10

214 895 233 927 3
253 888 371 920 notae
409 880 492 920 eius
530 881 681 921 virtutis
724 881 964 921 desiderium
1002 890 1262 921 consecutum
1305 891 1374 922 est.
1450 883 1583 935 itaque

253 954 342 998 post
370 960 520 986 annum
549 946 746 998 quintum,
775 960 895 998 quam
925 948 1109 998 expulsus
1138 955 1229 995 erat,
1262 947 1302 986 in
1331 948 1499 999 patriam
1528 963 1583 988 re-

252 1019 414 1052 vocatus
451 1019 522 1052 est.
579 1011 656 1060 ille,
696 1013 806 1063 quod
843 1011 1017 1064 hospitio
1055 1013 1464 1053 Lacedaemoniorum
1502 1022 1583 1053 ute-

253 1077 380 1126 batur,
412 1077 533 1117 satius
567 1077 794 1117 existimans
831 1079 1074 1117 contendere
1113 1080 1470 1127 Lacedaemonem,
1511 1094 1582 1119 sua

195 1160 198 1162 ·
252 1150 393 1192 sponte
430 1150 490 1182 est
527 1144 724 1194 profectus
762 1156 982 1194 pacemque
1020 1142 1122 1182 inter
1153 1144 1253 1186 duas
1286 1143 1580 1195 potentissimas
1602 1157 1640 1190 15

212 1221 232 1251 4
252 1207 428 1247 civitates
456 1207 690 1247 conciliavit.
748 1216 850 1259 post,
878 1221 1009 1258 neque
1037 1207 1092 1246 ita
1121 1210 1257 1255 multo,
1284 1210 1458 1259 Cyprum
1488 1223 1580 1248 cum

252 1272 434 1311 ducentis
462 1271 628 1312 navibus
652 1273 862 1323 imperator
891 1271 1047 1321 missus,
1067 1286 1159 1311 cum
1179 1272 1263 1312 eius
1284 1273 1472 1313 maiorem
1498 1288 1582 1326 par-

252 1344 333 1376 tem
366 1336 516 1376 insulae
549 1337 768 1384 devicisset,
805 1337 845 1376 in
879 1337 1063 1376 morbum
1102 1336 1315 1388 implicitus
1352 1337 1393 1376 in
1431 1339 1580 1390 oppido

253 1401 360 1442 Citio
389 1410 447 1441 est
476 1410 667 1442 mortuus.

204 1478 232 1516 4
308 1468 430 1506 Hunc
449 1466 714 1507 Athenienses
741 1481 822 1507 non
842 1469 970 1507 solum
991 1466 1031 1506 in
1052 1467 1171 1515 bello,
1191 1468 1262 1507 sed
1282 1467 1400 1507 etiam
1421 1467 1461 1507 in
1482 1483 1580 1520 pace
1601 1482 1640 1504 πο

251 1531 320 1570 diu
349 1531 682 1572 desideraverunt.
738 1532 811 1572 fuit
837 1532 942 1572 enim
967 1540 1077 1571 tanta
1096 1532 1342 1581 liberalitate,
1362 1548 1454 1572 cum
1475 1548 1580 1574 com-

250 1595 427 1647 pluribus
456 1597 552 1636 locis
581 1598 741 1649 praedia
770 1599 984 1648 hortosque
1014 1598 1190 1646 haberet,
1219 1606 1262 1636 ut
1290 1612 1507 1649 numquam
1538 1599 1578 1638 in

250 1660 306 1700 eis
340 1662 547 1702 custodem
581 1662 811 1714 imposuerit
844 1663 992 1701 fructus
1027 1661 1207 1701 servandi
1239 1662 1376 1713 gratia,
1406 1677 1456 1703 ne
1490 1664 1578 1714 quis

249 1725 514 1778 impediretur,
550 1727 763 1779 quominus
801 1727 886 1766 eius
924 1727 1041 1766 rebus
1079 1726 1223 1777 quibus
1261 1727 1429 1779 quisque
1461 1730 1579 1768 vellet

212 1803 227 1825 2
249 1792 447 1831 frueretur.
506 1806 661 1844 semper
680 1806 771 1832 eum
796 1791 1003 1843 pedisequi
1023 1805 1114 1830 cum
1135 1791 1309 1831 nummis
1329 1800 1421 1832 sunt
1440 1793 1576 1842 secuti,
1601 1806 1636 1838 ³5

249 1863 303 1904 ut,
325 1855 357 1895 si
386 1856 473 1907 quis
503 1857 590 1908 opis
619 1857 703 1897 eius
733 1856 935 1908 indigeret,
964 1857 1126 1896 haberet
1155 1858 1264 1908 quod
1293 1857 1425 1896 statim
1453 1859 1574 1907 daret,

248 1933 300 1959 ne
318 1920 538 1962 differendo
558 1921 753 1962 videretur
777 1936 929 1973 negare.
989 1935 1116 1972 saepe,
1139 1935 1229 1961 cum
1254 1922 1426 1973 aliquem
1457 1925 1577 1963 offen-

248 1999 335 2024 sum
364 1987 520 2026 fortuna
543 1987 693 2027 videret
723 1987 853 2026 minus
880 1987 982 2026 bene
1002 1986 1199 2034 vestitum,
1219 2000 1334 2026 suum
1360 1988 1574 2027 amiculum

208 2057 226 2088 3
247 2050 367 2090 dedit.
426 2052 571 2091 cotidie
602 2052 657 2091 sic
686 2066 786 2092 cena
813 2052 848 2091 ei
878 2051 1132 2102 coquebatur,
1158 2059 1211 2098 ut,
1241 2066 1340 2102 quos
1369 2052 1572 2092 invocatos

246 2115 406 2155 vidisset
439 2115 479 2155 in
513 2118 612 2166 soro,
645 2117 774 2157 omnis
808 2118 1027 2163 devocaret,
1064 2117 1172 2166 quod
1206 2117 1332 2156 facere
1364 2119 1474 2156 nullo
1507 2117 1571 2157 die
1592 2131 1633 2163 30

290 2229 309 2250 2
331 2230 396 2260 qua
414 2219 552 2263 Magius
568 2233 575 2253 ε
599 2232 685 2262 quae
701 2220 790 2254 codd.
925 2222 956 2259 6,
978 2229 994 2259 7
1018 2220 1108 2260 quod
1121 2244 1128 2251 .
1146 2243 1153 2250 .
1174 2244 1182 2251 .
1202 2225 1325 2252 uocant
1341 2220 1452 2251 t'nclus.
1471 2221 1571 2256 Fleck.

247 2273 264 2302 7
289 2267 505 2304 οσθρακυσμος
528 2265 562 2295 A
580 2276 587 2296 :
623 2271 852 2306 οσφραχυσμος
879 2263 935 2295 B:
966 2269 1183 2303 οσφρακισμος
1208 2263 1260 2294 P:
1299 2264 1471 2295 hostracos
1501 2264 1574 2296 MR

248 2315 285 2345 14
310 2308 496 2339 concedere
508 2308 576 2341 3²:
601 2309 716 2340 uerbis
726 2308 933 2340 contendere
946 2305 1067 2338 Sloane
1077 2315 1140 2345 327
1154 2310 1183 2337 et
1194 2306 1346 2338 Cantabr.
1362 2318 1368 2338 :
1388 2309 1572 2339 concedere

245 2359 342 2388 quam
366 2350 467 2382 armis
494 2353 698 2384 contendere
723 2351 832 2383 Halm
998 2360 1039 2389 24
1063 2349 1153 2391 eius]
1178 2350 1227 2381 eis
1246 2350 1381 2382 Amold
1392 2354 1421 2381 et
1435 2350 1576 2393 Madvig

246 2394 287 2424 28
312 2394 448 2425 fortuito
463 2394 583 2436 Nspp.:
607 2395 693 2427 sorte
717 2396 851 2427 fortuna
867 2394 915 2426 M.
931 2391 1051 2434 Haupt
1187 2403 1231 2432 30
1255 2393 1348 2425 nullo
1371 2393 1425 2426 die
1452 2393 1546 2436 Nr'pp.
1565 2406 1573 2426 :

246 2436 376 2468 nullum
395 2438 483 2470 diem
503 2438 593 2471 codd.
