1746 2740
177 145 304 184 XXV.
325 144 404 183 xiii
665 144 918 185 CORNELI
948 145 1189 186 NEPOTIS

263 255 397 308 primis
427 256 530 296 bene
557 256 749 296 habitavit
777 256 1043 308 omnibusque
1067 257 1228 308 optimis
1253 257 1370 297 rebus
1395 271 1490 298 usus
1517 265 1588 299 est.

226 339 241 361 2
266 335 357 361 nam
388 323 554 362 domum
585 321 723 362 habuit
754 321 794 361 in
824 323 925 362 colle
953 321 1147 373 Quirinali
1175 322 1507 374 'l'amphilianam,
1538 323 1592 364 ab

262 388 460 427 avunculo
479 386 696 427 hereditate
716 386 902 435 relictam,
925 387 1036 426 cuius
1055 387 1274 427 amoenitas
1293 401 1374 428 non
1394 387 1588 437 aedificio,

263 453 334 492 sed
363 452 459 491 silva
487 452 720 492 constabat:
750 452 880 503 ipsum
900 452 1007 492 enim
1028 459 1175 492 tectum
1204 452 1420 504 antiquitus
1448 453 1592 493 consti·

264 525 392 557 tutum
412 519 501 569 plus
520 517 611 556 salis
631 531 750 568 quam
771 525 952 569 sumptus
981 518 1154 557 habebat
1172 533 1180 557 :
1209 517 1249 557 in
1269 531 1350 570 quo
1365 518 1463 557 nihil
1482 532 1591 558 com·
1610 536 1628 568 5

227 594 245 626 3
267 581 441 631 mutavit,
459 581 533 621 nisi
553 582 585 621 si
605 582 702 633 quid
722 590 916 622 vetustate
930 590 1092 622 coactus
1112 590 1182 622 est.
1239 596 1333 622 usus
1353 590 1412 623 est
1431 583 1589 632 familia,

263 647 295 686 si
324 646 491 687 utilitate
520 646 777 687 iudicandum
808 654 876 696 est,
900 647 1060 699 optima,
1084 647 1115 687 si
1137 649 1273 695 forma,
1295 647 1358 686 vix
1387 647 1588 688 mediocri.

262 726 435 764 namque
463 712 503 751 in
530 726 577 752 ea
603 719 713 752 erant
739 712 849 764 pueri
876 712 1154 761 litteratissimi,
1182 720 1423 764 anagnostae
1450 713 1591 765 optimi

262 786 301 818 et
321 778 478 830 plurimi
498 778 653 827 librarii,
676 786 719 818 ut
739 792 789 818 ne
809 778 1049 830 pedisequus
1065 778 1229 829 quidem
1244 778 1453 830 quisquam
1473 787 1587 828 esset,

262 843 329 895 qui
356 857 437 883 non
464 851 675 895 utrumque
701 845 842 884 horum
863 845 1026 895 pulchre
1046 846 1172 884 facere
1198 853 1342 895 posset,
1364 844 1447 896 pari
1466 846 1589 885 modo
1611 856 1650 880 10

261 908 428 948 artifices
457 909 586 956 ceteri,
618 922 719 960 quos
748 911 876 948 cultus
905 909 1148 949 domesticus
1177 909 1384 956 desiderat,
1412 909 1589 960 apprime

223 991 242 1023 4
264 973 369 1013 boni.
427 987 558 1024 neque
591 981 724 1013 tamen
758 975 899 1013 horum
931 987 1173 1025 quemquam
1205 973 1279 1013 nisi
1311 974 1421 1013 domi
1451 982 1588 1013 natum

261 1037 452 1089 domique
471 1039 618 1077 sactum
639 1038 799 1078 habuit:
829 1040 939 1089 quod
959 1046 1018 1078 est
1043 1038 1198 1089 signum
1219 1051 1300 1078 non
1320 1040 1448 1078 solum
1468 1038 1590 1078 conti-

262 1103 431 1157 nentiae,
455 1105 525 1144 sed
545 1103 662 1143 etiam
687 1103 923 1155 diligentiae.
983 1118 1076 1143 nam
1105 1112 1144 1143 et
1175 1118 1255 1144 non
1285 1104 1591 1155 intemperanter

261 1169 551 1220 concupiscere,
592 1170 702 1219 quod
739 1183 763 1208 a
800 1169 977 1220 plurimis
1011 1169 1155 1217 videas,
1193 1169 1431 1208 continentis
1468 1170 1588 1209 debet
1612 1182 1648 1215 ¹5

261 1233 368 1282 duci,
388 1241 427 1273 et
453 1234 583 1285 potius
609 1234 812 1285 diligentia
838 1248 957 1285 quam
978 1234 1104 1286 pretio
1123 1247 1258 1286 parare
1278 1247 1359 1274 non
1379 1234 1588 1274 mediocris

222 1313 240 1346 5
262 1306 320 1338 est
351 1298 576 1339 industriae.
636 1301 804 1350 elegans,
841 1313 923 1339 non
954 1299 1197 1351 magnificus,
1228 1299 1471 1350 splendidus,
1506 1313 1588 1339 non

261 1372 542 1415 sumptuosus:
573 1365 782 1416 omnisque
810 1365 1013 1416 diligentia
1042 1365 1297 1413 munditiam,
1320 1379 1401 1405 non
1429 1366 1588 1405 affluen-

260 1429 354 1470 tiam
375 1431 594 1470 affectabat.
653 1431 828 1481 supellex
848 1430 1016 1478 modica,
1037 1444 1119 1470 non
1140 1432 1272 1478 multa,
1288 1438 1331 1470 ut
1346 1431 1387 1470 in
1407 1438 1585 1470 neutram

221 1505 240 1537 6
261 1502 411 1546 partem
443 1495 618 1547 conspici
652 1503 796 1546 posset.
855 1508 929 1535 nec
955 1495 1187 1547 praeteribo,
1220 1509 1460 1547 quamquam
1490 1509 1586 1534 non·
1605 1507 1648 1531 ²0

259 1560 376 1600 nullis
395 1561 481 1600 leve
496 1560 622 1600 visum
644 1560 687 1599 iri
709 1568 855 1612 putem,
871 1573 962 1599 cum
984 1560 1023 1599 in
1043 1560 1178 1611 primis
1193 1562 1321 1600 lautus
1342 1568 1445 1601 esset
1464 1574 1585 1612 eques

260 1628 467 1665 Romanus
490 1634 528 1666 et
555 1639 636 1666 non
667 1639 804 1677 parum
834 1625 1043 1666 liberaliter
1071 1628 1236 1666 domum
1266 1640 1378 1666 suam
1406 1626 1585 1666 omnium

259 1691 443 1731 ordinum
483 1691 664 1731 homines
709 1691 900 1738 invitaret,
942 1691 1088 1731 scimus
1131 1705 1212 1730 non
1253 1691 1423 1743 amplius
1466 1705 1586 1743 quam

259 1764 369 1796 terna
401 1757 507 1796 milia
538 1770 733 1809 peraeque
764 1756 804 1796 in
839 1757 1014 1808 singulos
1054 1771 1209 1797 menses
1247 1771 1295 1797 ex
1332 1756 1587 1808 ephemeride

220 1838 238 1872 7
258 1836 350 1862 eum
370 1837 587 1874 expensum
607 1822 780 1874 sumptui
802 1824 898 1862 ferre
919 1823 1088 1862 solitum.
1146 1831 1266 1873 atque
1282 1825 1358 1862 hoc
1378 1836 1459 1862 non
1479 1821 1586 1862 audi·
1606 1837 1645 1870 ²5

258 1897 357 1937 tum,
377 1890 447 1928 sed
468 1887 670 1939 cognitum
700 1887 997 1939 praedicamus:
1029 1901 1146 1939 saepe
1167 1887 1273 1927 enim
1302 1895 1461 1939 propter
1479 1886 1587 1926 fami-

258 1953 463 1992 liaritatem
484 1952 711 1992 domesticis
731 1953 848 1992 rebus
868 1952 1124 1992 interfuimus.

195 2024 240 2062 14
315 2020 446 2068 Nemo
475 2018 515 2057 in
541 2017 723 2057 convivio
743 2017 826 2057 eius
847 2017 954 2057 aliud
974 2031 1156 2057 acroama
1175 2018 1325 2058 audivit
1350 2032 1470 2070 quam
1498 2031 1587 2057 ana-

258 2091 438 2134 gnosten‚
479 2084 588 2134 quod
628 2095 701 2122 nos
746 2082 908 2133 quidem
957 2082 1283 2123 iucundissimum
1331 2084 1563 2123 arbitramur
1576 2096 1587 2130 ;

259 2161 389 2199 neque
410 2161 599 2199 umquam
622 2147 706 2186 sine
725 2146 857 2198 aliqua
876 2146 1046 2187 lectione
1073 2149 1179 2199 apud
1199 2162 1289 2188 eum
1311 2156 1493 2188 cenatum
1513 2155 1585 2196 est,
1605 2161 1647 2193 30

259 2220 301 2252 ut
331 2227 411 2252 non
443 2212 571 2251 minus
600 2212 735 2251 animo
763 2225 883 2262 quam
903 2220 1038 2251 ventre
1057 2212 1246 2252 convivae
1273 2212 1584 2252 delectarentur:

221 2290 238 2313 2
260 2290 432 2329 namque
452 2291 520 2318 eos
540 2278 717 2323 vocabat,
741 2290 909 2327 quorum
930 2290 1058 2316 mores
1077 2291 1100 2316 a
1120 2277 1198 2317 suis
1219 2291 1299 2316 non
1319 2278 1583 2317 abhorrerent.

307 2393 350 2413 20
372 2391 437 2413 nec
468 2382 532 2413 hoc
563 2380 684 2412 Lamb.
849 2389 890 2419 23
913 2380 1037 2412 scimus
1066 2381 1134 2412 secl.
1167 2380 1287 2412 Bos-ms
1433 2392 1473 2421 24
1498 2381 1587 2413 milia

259 2425 371 2459 Aldus
385 2436 392 2456 τ
416 2425 507 2456 milia
523 2425 612 2455 aeris
627 2422 714 2455 codd.
