1746 2740
0 423 15 506 stv
11 342 14 343 ,

738 134 980 175 ATTICVS
1378 132 1506 172 XXV.
1530 133 1609 172 xiv

191 262 283 288 cum
313 256 422 288 tanta
450 247 643 299 pecuniae
663 248 766 286 facta
785 254 887 286 esset
907 246 1095 294 accessio,
1117 235 1215 285 nibil
1242 247 1293 285 de
1321 245 1525 285 cotidiano

192 316 300 353 cultu
335 313 510 360 mutavit,
542 312 640 351 nihil
667 313 718 351 de
747 311 850 351 vitae
879 311 1181 359 consuetudine,
1214 319 1401 362 tantaque
1431 325 1526 350 usus

191 386 251 418 est
272 377 555 426 moderatione,
578 385 621 416 ut
639 391 772 428 neque
799 377 838 416 in
867 376 1046 416 sestertio
1065 376 1225 425 viciens,
1244 377 1354 428 quod
1373 390 1398 415 a
1416 382 1526 427 patre

191 451 411 496 acceperat,
426 456 563 494 parum
581 456 623 482 se
636 441 846 493 splendide
857 442 1020 493 gesserit
1035 455 1166 493 neque
1181 441 1222 480 in
1239 440 1418 481 sestertio
1438 455 1527 480 cen-

155 522 173 554 5
194 509 265 549 ties
298 508 521 548 affluentius
554 507 702 556 vixerit,
738 521 859 559 quam
897 507 1128 555 instituerat,
1170 506 1333 558 parique
1372 505 1527 557 fastigio

193 574 342 614 steterit
365 574 406 613 in
437 581 602 624 utraque
629 574 795 612 fortuna.
855 574 986 613 nullos
1020 571 1159 612 habuit
1193 573 1340 620 hortos,
1376 573 1526 611 nullam
1549 584 1566 614 3

193 641 461 680 suburbanam
492 647 559 679 aut
589 638 824 678 maritimam
855 646 1129 690 sumptuosam
1157 637 1302 685 villam,
1326 651 1457 689 neque
1486 636 1527 676 in

195 706 319 753 Italia,
349 713 501 756 praeter
526 703 752 744 Arretinum
782 712 822 744 et
855 706 1168 752 Nomentanum,
1197 703 1387 743 rusticum
1422 717 1528 754 prae-

193 772 317 820 dium,
339 770 549 822 omnisque
569 770 654 810 eius
674 770 867 821 pecuniae
887 770 1037 810 reditus
1063 770 1272 810 constabat
1298 769 1338 808 in
1362 768 1528 820 Epiroti-

138 853 176 876 10
194 837 250 876 cis
265 844 304 876 et
323 836 483 876 urbanis
502 835 832 887 possessionibus.
898 849 946 875 ex
961 849 1042 887 quo
1057 834 1244 887 cognosci
1259 842 1391 886 potest
1410 848 1526 873 usum

194 917 284 942 eum
306 901 497 954 pecuniae
517 915 598 941 non
619 901 901 953 magnitudine,
924 903 995 942 sed
1015 901 1166 941 ratione
1187 900 1314 941 metiri
1334 900 1505 940 solitum.

249 967 506 1007 Mendacium
537 980 667 1018 neque
695 966 855 1006 dicebat
883 980 1015 1018 neque
1048 966 1129 1018 pati
1161 974 1323 1019 poterat.
1393 966 1525 1018 itaque
1546 976 1590 1015 15

193 1032 277 1072 eius
305 1032 471 1072 comitas
499 1045 581 1071 non
614 1031 699 1071 sine
733 1032 938 1071 severitate
966 1040 1047 1071 erat
1078 1046 1208 1083 neque
1245 1031 1411 1083 gravitas
1443 1032 1527 1071 sine

194 1098 389 1146 facilitate,
412 1106 456 1137 ut
471 1097 629 1137 difficile
649 1105 752 1137 esset
771 1097 985 1145 intellectu,
1002 1106 1134 1137 utrum
1154 1111 1246 1137 eum
1266 1097 1383 1137 amici
1404 1097 1527 1149 magis

138 1180 174 1213 ¹5
194 1171 418 1203 vererentur
445 1177 495 1202 an
525 1171 712 1202 amarent.
773 1162 970 1214 quidquid
994 1164 1217 1214 rogabatur,
1237 1163 1415 1215 religiose
1443 1177 1528 1214 pro-

139 1267 144 1271 .
194 1229 386 1277 mittebat,
408 1230 518 1280 quod
539 1243 619 1268 non
640 1228 822 1276 liberalis,
845 1230 916 1268 sed
936 1228 1032 1268 levis
1061 1228 1323 1269 arbitrabatur
1351 1228 1528 1280 polliceri

193 1295 303 1346 quod
323 1301 518 1346 praestare
547 1307 629 1334 non
658 1302 802 1346 posset.
861 1294 967 1334 idem
997 1294 1037 1334 in
1067 1294 1244 1343 nitendo,
1267 1296 1377 1346 quod
1405 1297 1528 1335 semel
1550 1311 1566 1332 2

193 1359 407 1408 annuisset,
430 1367 539 1399 tanta
558 1367 640 1399 erat
655 1373 758 1406 cura,
781 1367 824 1398 ut
849 1373 931 1399 non
955 1361 1197 1408 mandatam,
1220 1361 1291 1400 sed
1312 1373 1423 1399 suam
1445 1374 1527 1400 rem

194 1426 390 1466 videretur
408 1439 533 1477 agere.
593 1439 811 1476 numquam
833 1425 1005 1476 suscepti
1026 1425 1173 1477 negotii
1193 1439 1284 1465 eum
1306 1433 1527 1477 pertaesum

137 1507 178 1530 20
195 1499 280 1531 est:
307 1504 421 1530 suam
450 1490 558 1530 enim
587 1489 917 1530 existimationem
947 1490 987 1530 in
1017 1505 1065 1531 ea
1093 1505 1134 1531 re
1162 1491 1224 1542 agi
1253 1492 1429 1543 putabat,
1451 1490 1549 1543 qua'

194 1556 293 1596 nihil
330 1556 503 1596 habebat
541 1555 678 1595 carius.
741 1569 823 1607 quo
860 1556 981 1595 fiebat
1019 1563 1063 1595 ut
1101 1555 1236 1595 omnia
1274 1555 1526 1604 Ciceronum,
1550 1571 1568 1603 3

194 1621 359 1662 Catonis
405 1620 543 1668 Marci,
585 1622 635 1670 Q.
681 1620 885 1669 Hortensi,
927 1621 1019 1660 Auli
1066 1621 1270 1672 Torquati,
1314 1623 1527 1662 multorum

194 1694 394 1738 praeterea
412 1685 591 1737 equitum
614 1687 888 1725 Romanorum
910 1686 1068 1737 negotia
1088 1694 1323 1738 procuraret.
1382 1701 1429 1727 ex
1449 1701 1530 1739 quo

195 1751 357 1792 iudicari
386 1758 540 1802 poterat
560 1764 641 1790 non
668 1750 816 1799 inertia,
841 1752 911 1791 sed
940 1751 1088 1791 iudicio
1109 1752 1254 1804 fugisse
1274 1752 1327 1792 rei
1348 1752 1530 1804 publicae

137 1834 175 1866 ²5
195 1816 524 1868 procurationem.

251 1881 522 1922 Humanitatis
542 1895 635 1922 vero
655 1884 807 1921 nullum
829 1883 982 1923 adferre
1005 1883 1131 1923 maius
1153 1883 1422 1924 testimonium
1443 1897 1530 1936 pos-
1549 1885 1596 1924 16

195 1962 295 1996 sum,
317 1961 436 1999 quam
457 1949 567 1999 quod
587 1949 820 1988 adulescens
842 1948 947 1988 idem
979 1949 1063 1989 seni
1091 1951 1221 1990 Sullae
1241 1950 1313 1990 fuit
1333 1950 1531 1991 iucundis-

195 2013 328 2061 simus,
351 2027 471 2052 senex
499 2013 742 2052 adulescenti
776 2015 831 2052 M.
857 2015 990 2063 Bruto,
1013 2029 1104 2054 cum
1136 2016 1368 2068 aequalibus
1395 2024 1529 2056 autem

196 2078 276 2118 suis
296 2081 347 2129 Q.
364 2078 583 2118 Hortensio
595 2085 634 2118 et
649 2080 704 2118 M.
722 2078 916 2119 Cicerone
932 2079 988 2119 sic
1005 2080 1109 2129 vixit,
1126 2089 1168 2121 ut
1185 2081 1358 2122 iudicare
1370 2081 1529 2122 difficile

137 2157 178 2189 30
196 2143 256 2191 sit,
278 2143 341 2183 cui
361 2143 478 2183 aetati
500 2143 614 2183 suerit
641 2143 877 2194 aptissimus.
936 2159 1179 2198 quamquam
1200 2161 1292 2187 eum
1319 2146 1529 2199 praecipue
1551 2161 1566 2184 2

196 2208 330 2249 dilexit
346 2209 502 2257 Cicero,
514 2216 556 2248 ut
573 2222 623 2248 ne
638 2210 754 2248 frater
768 2209 929 2259 quidem
947 2210 982 2250 ei
1000 2211 1174 2262 Quintus
1190 2212 1314 2252 carior
1329 2212 1442 2252 fuerit
1461 2219 1530 2252 aut

244 2322 280 2352 17
306 2313 435 2344 tuendo
462 2312 624 2354 Rutgers:
661 2312 810 2344 tenendo
837 2311 883 2344 ed.
911 2312 1007 2345 Teub.
1165 2314 1272 2356 quod]
1296 2326 1396 2356 quom
1425 2315 1525 2357 Nipp.

198 2367 240 2387 22
263 2356 403 2388 Catonis
422 2356 525 2388 Marci
543 2356 584 2396 Q.
606 2355 669 2396 Gifi
687 2356 720 2387 A
738 2367 743 2386 :
769 2356 908 2388 Catonis
925 2357 971 2389 M.
988 2368 1054 2398 que
1072 2358 1126 2390 R:
1150 2359 1292 2391 Catonis
1302 2359 1403 2391 Marii
1420 2365 1454 2392 et
1470 2359 1531 2392 H:

199 2399 244 2431 M.
263 2399 406 2432 Catonis
430 2405 464 2431 et
491 2400 524 2431 B
654 2411 695 2438 24
721 2405 834 2439 potest
860 2400 960 2433 Fleck.
1112 2413 1152 2442 27
1178 2403 1241 2435 suit
1267 2403 1395 2436 Fleck.:
1427 2403 1530 2437 suerit

198 2442 286 2475 codd.
508 2454 551 2484 29
574 2443 658 2475 uixit
668 2443 765 2475 Fleck.
784 2454 791 2474 :
819 2443 945 2476 uixerit
958 2445 1048 2478 codd.
