1746 2740
152 108 310 146 XVIII.
334 119 364 145 v
386 102 400 116 ⁸
638 107 891 148 CORNELI
919 107 1161 148 NEPOTIS

236 231 356 270 quam
385 225 428 258 ut
456 218 650 270 prioribus
678 217 847 270 pedibus
876 218 993 269 plene
1021 225 1163 257 terram
1192 224 1327 268 posset
1357 217 1562 269 attingere,

235 283 381 324 deinde
409 291 499 335 post
527 283 753 323 verberibus
786 283 953 334 cogebat
981 284 1174 323 exsultare
1206 291 1246 323 et
1274 285 1401 323 calces
1433 282 1562 323 remit-

236 356 340 388 tere:
369 348 437 400 qui
458 356 588 388 motus
607 361 689 388 non
713 347 844 387 minus
863 349 1049 388 sudorem
1069 348 1303 396 excutiebat,
1325 361 1444 400 quam
1463 347 1496 387 si
1519 347 1560 386 in

198 421 219 455 6
237 412 364 465 spatio
387 415 618 453 decurreret.
677 426 758 464 quo
783 414 930 452 facturn
957 420 1026 461 est,
1048 415 1157 464 quod
1177 413 1364 453 omnibus
1384 413 1561 454 mirabile

237 486 295 518 est
310 478 451 527 visum,
466 485 509 518 ut
527 492 654 529 aeque
673 477 799 518 nitida
817 477 994 517 iumenta
1012 492 1060 517 ex
1078 479 1241 518 castello
1255 479 1452 527 educeret,
1467 492 1560 518 cum
1580 492 1598 525 5

236 545 459 596 complures
487 556 643 582 menses
672 542 712 582 in
741 542 951 583 obsidione
970 543 1117 591 fuisset,
1138 557 1185 582 ac
1210 542 1243 582 si
1271 543 1312 582 in
1337 543 1562 594 campestri-

198 622 216 658 7
236 609 310 648 bus
330 622 377 648 ea
395 608 492 648 locis
511 607 724 647 habuisset,
764 607 804 646 in
825 609 899 647 hac
919 608 1186 656 conclusione,
1202 608 1561 660 quotienscumque

235 674 367 722 voluit,
401 681 632 726 apparatum
666 681 706 713 et
743 673 983 713 munitiones
1016 674 1205 725 Antigoni
1238 674 1333 713 alias
1369 674 1557 722 incendit,

234 740 329 780 alias
357 739 521 779 disiecit.
579 738 705 779 tenuit
737 746 870 778 autern
904 752 947 778 se
966 753 1048 778 uno
1080 740 1182 787 loco,
1211 738 1403 790 quamdiu
1431 738 1559 779 hiems

234 805 317 854 fuit,
348 806 458 857 quod
491 812 617 844 castra
645 804 721 843 sub
750 803 843 844 divo
872 805 1018 844 habere
1046 818 1127 843 non
1161 812 1323 855 poterat.
1392 818 1459 843 ver
1493 818 1559 856 ap-
1582 822 1620 845 10

234 869 548 922 propinquabat:
590 869 773 909 simulata
805 868 1019 917 deditione,
1050 871 1146 909 dum
1175 871 1227 909 de
1255 869 1558 909 condicionibus

234 942 384 984 tractat,
414 934 621 987 praefectis
649 933 839 985 Antigoni
868 933 1056 985 imposuit
1084 948 1206 986 seque
1234 948 1280 974 ac
1309 947 1402 974 suos
1428 934 1558 974 omnis

234 1000 396 1041 extraxit
416 1000 646 1039 incolumes.

187 1071 216 1109 6
287 1067 354 1106 Ad
387 1066 493 1104 hunc
523 1064 740 1117 Olympias,
769 1072 894 1104 mater
925 1078 1028 1116 quae
1060 1065 1184 1104 fuerat
1212 1065 1436 1113 Alexandri,
1467 1079 1558 1105 curn

234 1131 380 1171 litteras
401 1138 439 1170 et
459 1129 618 1170 nuntios
639 1129 808 1169 misisset
827 1129 868 1168 in
888 1129 1024 1169 Asiam
1044 1131 1280 1177 consultum,
1303 1138 1433 1169 utrum
1453 1144 1560 1182 repe-
1582 1146 1618 1180 ¹⁵

235 1196 350 1235 titum
370 1195 410 1235 in
433 1195 712 1235 Macedoniarn
733 1194 882 1234 veniret
902 1194 1011 1246 (nam
1032 1202 1115 1233 turn
1136 1194 1177 1233 in
1198 1194 1318 1246 Epiro
1338 1195 1558 1246 habitabat)

199 1278 214 1301 2
236 1268 274 1300 et
294 1275 359 1301 eas
380 1274 440 1300 res
460 1267 680 1311 occuparet,
699 1259 791 1299 huic
811 1259 876 1298 ille
902 1259 1072 1310 primum
1099 1260 1230 1309 suasit,
1254 1274 1304 1300 ne
1323 1275 1365 1300 se
1385 1269 1559 1301 moveret

235 1334 274 1366 et
293 1332 545 1377 exspectaret,
567 1325 700 1376 quoad
717 1324 929 1364 Alexandri
950 1324 1052 1363 filius
1072 1338 1235 1375 regnum
1254 1326 1559 1377 adipisceretur;

234 1392 295 1431 sin
318 1391 449 1442 aliqua
475 1389 690 1441 cupiditate
716 1397 914 1440 raperetur
936 1389 976 1427 in
999 1390 1292 1438 Macedoniam,
1314 1390 1559 1430 obliviscere-

234 1465 296 1497 tur
324 1455 503 1496 omnium
533 1454 759 1494 iniuriarum
788 1462 827 1494 et
856 1454 896 1493 in
927 1455 1128 1494 neminem
1156 1455 1357 1495 acerbiore
1385 1464 1558 1496 uteretur
1578 1470 1619 1493 πο

198 1541 216 1572 3
234 1521 409 1573 imperio.
467 1522 609 1577 horum
642 1520 707 1559 illa
740 1519 836 1558 nihil
864 1520 980 1559 fecit:
1018 1535 1110 1560 narn
1140 1530 1178 1561 et
1207 1522 1247 1560 in
1278 1521 1558 1561 Macedoniam

234 1589 408 1641 profecta
433 1594 492 1626 est
515 1593 554 1626 et
582 1585 637 1625 ibi
663 1585 932 1626 crudelissime
952 1600 994 1626 se
1019 1587 1148 1638 gessit.
1207 1587 1318 1638 petiit
1346 1595 1478 1627 autem
1507 1589 1559 1626 ab

235 1656 415 1694 Eumene
443 1648 620 1701 absente,
644 1665 694 1690 ne
719 1658 916 1703 pateretur
946 1652 1119 1704 Philippi
1148 1654 1292 1693 domus
1317 1666 1364 1692 ac
1390 1652 1559 1692 familiae

234 1718 526 1758 inimicissimos
559 1717 718 1769 stirpem
752 1731 912 1768 quoque
946 1718 1178 1767 interimere,
1214 1721 1408 1770 ferretque
1440 1731 1558 1770 opem

197 1783 366 1834 4liberis
396 1782 620 1822 Alexandri.
678 1796 797 1833 quam
832 1783 986 1822 veniam
1021 1784 1052 1823 si
1086 1786 1205 1832 daret,
1238 1798 1357 1835 quam
1388 1783 1556 1835 primum
1579 1798 1618 1831 ²5

235 1849 426 1890 exercitus
459 1856 621 1900 pararet,
657 1861 757 1899 quos
790 1848 865 1887 sibi
899 1849 1077 1888 subsidio
1109 1851 1333 1889 adduceret.
1403 1849 1444 1888 id
1477 1861 1558 1899 quo

235 1914 386 1953 facilius
415 1914 570 1961 faceret,
592 1926 634 1951 se
663 1912 849 1952 omnibus
878 1914 1094 1963 praefectis,
1117 1914 1184 1965 qui
1209 1914 1248 1953 in
1273 1914 1403 1954 officio
1429 1927 1559 1952 mane-

236 1980 341 2026 bant,
365 1977 516 2017 misisse
536 1978 692 2026 litteras,
716 1985 758 2016 ut
778 1977 813 2016 ei
834 1986 1013 2029 parerent
1033 1979 1196 2030 eiusque
1216 1979 1388 2018 consiliis
1408 1986 1560 2018 uteren-

199 2063 216 2094 5
236 2051 307 2082 tur.
383 2042 442 2081 his
480 2042 596 2081 rebus
637 2044 835 2081 Eumenes
873 2050 1074 2092 permotus
1113 2044 1233 2083 satius
1271 2043 1392 2091 duxit,
1432 2043 1463 2082 si
1506 2043 1558 2081 ita

236 2108 387 2148 tulisset
428 2109 593 2154 fortuna,
634 2106 758 2157 perire
793 2107 895 2146 bene
934 2107 1080 2146 meritis
1122 2110 1353 2148 referentem
1395 2107 1556 2158 gratiam
1576 2122 1619 2154 30

236 2186 356 2224 quam
385 2173 578 2224 ingratum
608 2171 745 2210 vivere.

283 2287 298 2309 1
325 2277 425 2317 plene
449 2274 514 2307 ΡΑ
545 2274 739 2316 (suprascr.)
769 2279 799 2306 et
821 2286 843 2306 u
866 2276 901 2307 in
924 2287 1054 2317 marga:
1077 2277 1179 2317 plane
1204 2276 1269 2309 rell.
1449 2286 1471 2315 9
1495 2276 1557 2307 suit

236 2321 345 2352 hiems
368 2320 398 2352 ς’
533 2328 572 2350 10
594 2319 746 2350 subsidio
773 2318 827 2349 uel
857 2319 936 2359 (om.
963 2320 1010 2362 P)
1032 2320 1093 2352 sub
1118 2321 1196 2351 diuo
1217 2319 1307 2351 Leid.
1326 2319 1379 2350 P:
1407 2319 1557 2350 subsidio

237 2364 323 2404 (—dia
342 2363 394 2400 M)
415 2362 478 2401 Gis:
498 2359 628 2393 ABM:
652 2362 714 2393 sub
731 2362 786 2393 dio
813 2372 835 2392 u
1001 2374 1038 2403 15
1063 2374 1203 2402 regnum
1231 2363 1411 2404 repetitum
1438 2362 1532 2403 Nr'pp.
1550 2374 1557 2395 :

238 2407 416 2447 repetitum
434 2406 497 2436 iret
515 2405 599 2436 Mac.
621 2416 642 2436 u
775 2415 816 2436 22
841 2406 937 2445 petiit
954 2405 988 2437 R
1003 2417 1011 2438 ε
1033 2408 1118 2447 petit
1129 2408 1271 2448 plerique
