1746 2740
697 149 1008 191 AGESILAVS
1402 147 1538 186 XVII.
1560 146 1608 184 iv

186 264 411 306 absentium
446 264 758 316 magistratuum,
788 271 832 303 ut
869 263 901 302 si
934 263 1107 315 privatus
1144 262 1185 302 in
1223 260 1387 301 comitio
1419 268 1524 300 esset

187 332 359 382 Spartae.
418 330 530 370 cuius
557 331 783 381 exemplum
806 328 960 368 utinam
986 327 1241 380 imperatores
1267 325 1391 366 nostri
1410 325 1523 377 sequi

186 395 426 435 voluissent!
466 396 538 434 sed
574 394 668 434 illuc
696 395 916 434 redeamus.
984 392 1192 444 Agesilaus
1220 389 1523 443 opulentissimo
1543 402 1561 434 3

186 474 308 512 regno
327 460 555 513 praeposuit
574 461 723 501 bonam
743 458 1074 500 existimationem
1091 460 1298 510 multoque
1315 456 1523 509 gloriosius

149 538 167 571 5
186 526 310 576 duxit,
330 526 362 566 si
382 526 571 566 institutis
590 526 738 578 patriae
758 525 961 578 paruisset,
983 539 1104 577 quam
1124 524 1156 564 si
1175 525 1282 564 bello
1301 530 1524 575 superasset

185 591 334 632 Asiam.
411 593 486 631 hae
523 591 640 643 igitur
677 599 811 631 mente
850 589 1161 641 Hellespontum
1199 589 1335 641 copias
1373 587 1524 628 traiecit
1543 603 1564 634 4

187 665 377 709 tantaque
403 671 498 697 usus
526 665 586 697 est
611 656 821 705 celeritate,
843 663 897 705 ut,
920 657 1030 707 quod
1049 655 1122 703 iter
1146 657 1297 695 Xerxes
1315 667 1424 694 anno
1443 667 1525 694 ver-

187 731 297 763 tente
316 724 551 771 confecerat,
574 722 639 762 hic
659 721 853 762 transierit
873 734 964 760 xxx
990 721 1143 761 diebus.
1202 734 1293 760 curn
1315 719 1393 759 iam
1414 720 1523 761 haud
1543 727 1561 760 5
1591 751 1596 759 .

188 788 242 827 ita
270 789 387 839 longe
414 789 572 828 abesset
599 801 624 826 a
652 789 943 838 Peloponneso,
974 785 1165 826 obsistere
1197 786 1233 826 ei
1266 785 1399 826 conati
1432 792 1525 824 sunt

128 863 170 888 10
187 853 453 892 Athenienses
465 861 505 893 et
519 851 675 893 Boeotii
687 852 887 903 ceterique
900 865 1036 891 eorum
1051 851 1148 891 socii
1160 852 1268 902 apud
1283 852 1523 892 Coroneam:

187 932 289 970 quos
308 931 448 958 omnes
466 917 572 969 gravi
592 917 744 969 proelio
763 917 867 957 vicit.
926 917 1044 957 huius
1063 916 1250 957 victoriae
1269 918 1331 956 vel
1352 916 1524 955 maxima
1542 920 1562 953 6

184 983 258 1023 fuit
295 985 392 1033 laus,
433 984 555 1034 quod,
590 997 683 1022 cum
721 982 899 1034 plerique
937 997 984 1022 ex
1022 984 1115 1034 fuga
1161 996 1203 1022 se
1250 982 1291 1021 in
1329 983 1522 1033 templum

187 1049 392 1088 Minervae
417 1048 680 1089 coniecissent
706 1056 1037 1100 quaerereturque
1063 1049 1116 1087 ab
1141 1062 1201 1097 eo,
1224 1048 1321 1099 quid
1341 1047 1388 1087 iis
1407 1049 1525 1087 vellet

186 1114 279 1162 fieri,
316 1114 390 1154 etsi
427 1114 579 1166 aliquot
608 1115 771 1154 vulnera
806 1122 1014 1165 acceperat
1051 1127 1100 1154 eo
1138 1113 1289 1165 proelio
1327 1121 1367 1154 et
1404 1113 1523 1153 iratus

128 1190 166 1222 15
185 1179 393 1219 videbatur
412 1180 611 1227 omnibus,
633 1179 702 1231 qui
721 1181 909 1219 adversus
928 1193 1038 1218 arma
1061 1180 1242 1228 tulerant,
1264 1186 1398 1218 tamen
1417 1186 1524 1218 ante—

185 1245 273 1284 tulit
302 1245 382 1285 irae
407 1244 635 1297 religionem
666 1252 706 1284 et
734 1258 804 1284 eos
823 1244 947 1284 vetuit
973 1244 1119 1284 violari.
1179 1258 1309 1296 neque
1330 1258 1422 1284 vero
1445 1245 1524 1284 hoc
1545 1254 1561 1289 7

185 1312 315 1350 solum
345 1311 385 1350 in
416 1311 583 1351 Graecia
611 1311 714 1359 fecit,
737 1319 780 1351 ut
809 1313 957 1362 templa
985 1313 1152 1351 deorum
1181 1319 1318 1351 sancta
1347 1311 1521 1359 haberet,

185 1378 256 1416 sed
285 1376 404 1416 etiam
433 1378 540 1428 apud
569 1377 756 1416 barbaros
776 1390 933 1416 summa
952 1376 1140 1428 religione
1161 1377 1296 1417 omnia
1316 1376 1526 1417 simulacra

184 1456 350 1494 arasque
388 1442 644 1483 conservavit.
717 1442 852 1494 itaque
889 1442 1143 1493 praedicabat
1182 1442 1311 1482 mirari
1349 1457 1403 1491 se,
1440 1457 1522 1482 non
1542 1452 1561 1483 8

127 1521 167 1543 20
185 1508 462 1559 sacrilegorum
482 1521 649 1548 numero
668 1507 816 1556 haberi,
839 1508 907 1559 qui
934 1508 1179 1560 supplicibus
1205 1522 1343 1549 eorum
1369 1509 1524 1549 nocuis-

184 1581 283 1621 sent,
322 1581 391 1612 aut
428 1587 510 1612 non
559 1573 803 1624 gravioribus
844 1573 985 1624 poenis
1022 1573 1136 1622 affici,
1177 1573 1245 1625 qui
1293 1574 1522 1625 religionem

185 1638 422 1687 minuerent,
443 1652 563 1690 quam
583 1638 652 1689 qui
672 1640 763 1678 fana
783 1639 1008 1690 spoliarent.

239 1706 335 1744 Post
372 1706 450 1744 hoc
488 1703 682 1755 proelium
721 1705 910 1743 collatum
949 1718 1070 1744 omne
1117 1705 1265 1745 bellum
1314 1713 1373 1745 est
1420 1704 1523 1744 circa
1543 1709 1568 1748 5

186 1769 424 1810 Corinthum
450 1769 623 1820 ideoque
650 1768 904 1810 Corinthium
933 1777 992 1809 est
1021 1772 1275 1821 appellatum.
1335 1770 1401 1809 hic
1429 1783 1521 1810 cum
1544 1785 1560 1807 2

127 1847 165 1881 25
185 1848 264 1874 una
290 1849 422 1886 pugna
445 1836 586 1875 decem
614 1834 722 1873 milia
745 1835 919 1874 hostium
940 1835 1126 1886 Agesilao
1155 1837 1259 1875 duce
1285 1835 1522 1875 cecidissent

184 1913 313 1951 eoque
351 1902 456 1940 sacto
502 1914 599 1952 opes
646 1900 958 1940 adversariorum
1007 1901 1236 1941 debilitatae
1282 1901 1518 1949 viderentur,

185 1973 338 2005 tantum
375 1966 473 2006 afuit
510 1966 562 2005 ab
600 1965 811 2006 insolentia
852 1966 1010 2018 gloriae,
1051 1975 1095 2006 ut
1133 1966 1433 2006 commiseratus
1471 1966 1520 2006 sit

185 2032 381 2071 fortunam
411 2031 613 2079 Graeciae,
635 2033 746 2083 quod
775 2039 855 2070 tam
886 2032 999 2071 multi
1027 2046 1051 2071 a
1080 2046 1122 2072 se
1147 2032 1240 2072 victi
1266 2031 1362 2072 vitio
1387 2034 1521 2072 adver-

185 2096 373 2136 sariorum
404 2096 695 2136 concidissent:
736 2110 909 2147 namque
947 2097 1013 2136 illa
1051 2098 1315 2146 multitudine,
1355 2097 1386 2136 si
1425 2111 1521 2136 sana

126 2172 169 2205 30
187 2174 298 2200 mens
317 2169 430 2209 esset,
446 2161 636 2202 Graeciae
651 2161 890 2213 supplicium
907 2163 1045 2202 Persas
1060 2164 1153 2203 dare
1166 2163 1353 2214 potuisse.
1412 2163 1517 2202 idem
1540 2175 1558 2206 3

185 2241 276 2266 cum
297 2227 539 2267 adversarios
566 2227 667 2266 intra
696 2227 855 2268 moenia
881 2228 1138 2279 compulisset
1157 2237 1196 2268 et
1217 2237 1258 2268 ut
1280 2229 1517 2270 Corinthum

185 2301 430 2343 oppugnaret
458 2292 570 2332 multi
597 2294 855 2341 hortarentur,
887 2293 1044 2344 negavit
1073 2294 1113 2334 id
1142 2308 1236 2334 suae
1266 2294 1398 2334 virtuti
1426 2308 1519 2334 eon-

228 2406 272 2428 20
294 2397 432 2429 deorum
459 2396 596 2440 Magius
619 2402 649 2430 ct
673 2409 754 2430 corr.
779 2397 813 2430 B
899 2408 941 2438 24
966 2398 1197 2441 Corinthium]
1226 2399 1406 2432 Ascensius
1422 2403 1453 2432 et
1472 2410 1515 2431 u:

186 2439 383 2471 Corinthum
400 2441 489 2473 codd.
