1746 2740
666 134 1010 174 ALCIBIADES
1408 132 1504 171 VII.
1526 131 1590 170 vii

167 246 320 295 muniit,
357 234 501 294 Ornos,
537 245 768 294 Bizanthen‚
802 244 1063 293 Neontichos‚
1098 257 1301 294 manuque
1339 244 1505 283 collecta

166 311 316 363 primus
354 311 532 351 Graecae
569 310 738 350 civitatis
775 310 817 349 in
855 309 1067 349 Threciam
1105 308 1265 357 introiit,
1297 308 1504 360 gloriosius

165 376 392 416 existimans
426 376 638 415 barbarum
672 376 819 428 praeda
852 374 1083 426 locupletari
1121 388 1242 426 quam
1281 373 1500 414 Graiorum.

165 455 245 494 qua
263 455 311 481 ex
330 455 370 482 re
390 449 563 481 creverat
583 455 675 481 cum
704 442 809 480 fama
837 448 922 480 tum
947 440 1105 492 opibus,
1125 453 1391 491 magnamque
1409 439 1504 479 ami·
1523 457 1540 489 5

127 520 145 553 5
165 507 298 547 citiam
318 507 393 546 sibi
413 521 504 546 cum
525 507 766 558 quibusdam
787 506 944 558 regibus
964 506 1156 546 Threciae
1175 513 1390 557 pepererat.

220 575 365 624 Neque
398 580 533 612 tamen
564 586 588 611 a
618 572 780 612 caritate
810 572 958 624 patriae
988 571 1117 623 potuit
1155 572 1350 611 recedere.
1409 584 1501 610 narn
1522 572 1547 610 8

165 652 257 678 cum
291 639 399 690 apud
426 640 558 689 Aegos
581 639 731 678 flumen
759 637 967 693 Philocles,
999 644 1155 689 praetor
1182 636 1499 685 Atheniensium,

165 706 332 743 classem
361 703 629 743 constituisset
658 717 770 743 suam
799 717 930 755 neque
959 705 1076 754 longe
1101 704 1259 743 abesset
1287 704 1499 753 Lysander,

166 777 321 821 praetor
359 769 782 818 Lacedaemoniorum,
823 769 892 820 qui
930 768 971 808 in
1009 782 1059 808 eo
1089 776 1172 808 erat
1202 776 1421 820 occupatus
1458 776 1502 808 ut

109 852 149 875 ιο
166 835 315 874 bellum
336 848 455 886 quam
476 834 698 874 diutissime
725 836 898 882 duceret,
921 835 1031 885 quod
1058 833 1153 885 ipsis
1178 833 1350 884 pecunia
1369 846 1393 872 a
1410 846 1501 884 rege

166 900 503 952 suppeditabatur,
556 908 694 939 contra
739 899 1054 939 Atheniensibus
1101 899 1302 939 exhaustis
1349 906 1503 950 praeter

165 980 275 1006 arma
309 974 348 1006 et
380 980 499 1005 naves
531 965 630 1005 nihil
661 973 742 1006 erat
774 978 901 1016 super,
932 965 1162 1005 Alcibiades
1195 966 1248 1004 ad
1286 965 1499 1004 exercitum
1523 978 1539 1000 2

167 1032 275 1071 venit
295 1031 602 1071 Atheniensium
623 1031 758 1082 ibique
782 1026 1126 1082 praesente'vulgo
1149 1044 1265 1081 agere
1285 1030 1416 1081 coepit
1433 1045 1440 1069 :
1469 1030 1502 1069 si

167 1099 322 1145 vellent,
345 1111 387 1136 se
407 1105 636 1136 coacturum
658 1097 906 1147 Lysandrum
922 1095 1111 1135 dimicare
1125 1103 1193 1135 aut
1212 1109 1352 1147 pacem
1368 1104 1502 1148 petere

110 1178 147 1211 15
167 1162 382 1214 spopondit
396 1177 406 1211 ;
437 1161 777 1202 Lacedaemonios
797 1174 847 1201 eo
866 1163 973 1201 nolle
999 1163 1124 1201 classe
1143 1161 1368 1213 confligere,
1390 1163 1500 1213 quod

166 1228 414 1279 pedestribus
441 1219 565 1279 copiis
591 1229 680 1279 plus
704 1241 822 1279 quam
848 1227 1015 1267 navibus
1035 1229 1236 1276 valerent;
1265 1227 1341 1267 sibi
1365 1235 1498 1268 autem
1521 1241 1539 1272 3

165 1307 252 1332 esse
271 1292 385 1332 facile
406 1293 607 1340 Seuthem,
631 1306 762 1344 regem
778 1294 1205 1341 Threcum,deducere
1225 1300 1268 1332 ut
1287 1307 1380 1333 eum
1400 1301 1500 1333 terra

164 1360 378 1410 depelleret
397 1374 403 1397 :
435 1372 516 1409 quo
536 1359 641 1397 facto
662 1358 883 1398 necessario
902 1366 971 1398 aut
990 1360 1115 1398 classe
1134 1358 1412 1404 conflicturum
1431 1367 1499 1399 aut

164 1424 311 1463 bellurn
338 1422 662 1474 compositurum.
722 1422 763 1463 id
783 1423 855 1463 etsi
875 1437 966 1463 vere
985 1423 1138 1463 dictum
1159 1423 1357 1464 Philocles
1377 1424 1500 1464 anim·
1519 1441 1539 1472 4

107 1506 147 1528 20
163 1489 402 1536 advertebat,
434 1496 568 1528 tamen
603 1489 801 1539 postulata
829 1490 957 1528 facere
990 1489 1128 1537 noluit,
1160 1490 1271 1540 quod
1304 1489 1499 1530 sentiebat

165 1569 206 1594 se
253 1555 461 1595 Alcibiade
509 1562 668 1606 recepto
710 1555 854 1594 nullius
894 1555 1087 1595 momenti
1132 1556 1240 1606 apud
1284 1555 1498 1595 exercitum

164 1622 337 1677 futurum
357 1628 407 1667 et,
430 1619 461 1658 si
482 1620 579 1671 quid
604 1620 769 1659 secundi
789 1620 995 1668 evenisset,
1017 1621 1166 1659 nullam
1194 1620 1235 1659 in
1255 1634 1302 1660 ea
1321 1634 1362 1660 re
1386 1634 1498 1660 suam

164 1693 314 1736 partem
334 1687 428 1733 fore,
450 1687 588 1725 contra
613 1699 672 1734 ea,
693 1685 724 1724 si
745 1685 841 1736 quid
869 1685 1023 1725 adversi
1051 1685 1271 1734 accidisset,
1301 1700 1344 1726 se
1373 1700 1497 1726 unum

165 1750 249 1790 eius
277 1750 412 1790 delicti
441 1751 615 1789 futurum
648 1764 769 1790 reum.
829 1751 880 1790 ab
914 1751 991 1789 hoc
1025 1750 1236 1790 discedens
1267 1751 1497 1791 Alcibiades
1517 1764 1535 1796 5

107 1830 146 1862 ²5
169 1814 401 1865 ‘quoniam'
422 1814 550 1865 inquit
570 1817 580 1835 ‘
596 1815 781 1855 victoriae
809 1815 958 1866 patriae
986 1829 1191 1866 repugnaS,
1214 1815 1311 1855 illud
1338 1829 1495 1864 moneo,

167 1893 212 1918 ne
231 1879 337 1918 iuxta
356 1881 510 1919 hostem
531 1888 657 1919 castra
676 1881 822 1920 habeas
843 1881 1000 1920 nautica
1016 1896 1024 1919 :
1053 1880 1272 1932 periculum
1298 1889 1358 1921 est
1377 1881 1495 1930 enim,

165 1959 215 1984 ne
245 1945 495 1985 immodestia
525 1945 692 1985 militum
714 1954 931 1986 vestrorum
962 1946 1120 1986 occasio
1149 1947 1264 1986 detur
1291 1948 1496 1998 Lysandro

164 2010 280 2050 vestri
310 2002 559 2062 opprimendi
590 2012 806 2051 exercitus!
864 2026 994 2063 neque
1025 2026 1072 2052 ea
1103 2025 1163 2051 res
1197 2011 1307 2052 illum
1346 2014 1492 2053 fefellit.
1516 2023 1536 2055 6

209 2126 223 2146 1
251 2115 364 2147 Ornos
380 2115 537 2158 Ln'p5ius:
563 2116 697 2149 Bornos
712 2116 802 2149 codd.
894 2118 1084 2150 Bizanthen
1111 2118 1233 2150 Neont.
1265 2117 1310 2150 Is.
1339 2117 1493 2151 Vossius:

166 2158 280 2191 Bizam
314 2160 398 2201 (By-
429 2161 483 2192 132
521 2161 659 2201 bytham
694 2161 750 2198 M)
790 2161 1037 2194 themeonticos
1077 2162 1193 2202 (—chos
1225 2162 1262 2204 u)
1294 2161 1494 2193 ABMPRu

164 2204 318 2235 coniecta
330 2203 423 2236 Dan.
443 2204 578 2235 ABPR
689 2215 709 2235 2
727 2204 881 2237 Graecae
899 2217 920 2237 u
936 2217 944 2237 z
966 2206 1122 2246 graeciae
1139 2205 1228 2238 codd.
1356 2214 1394 2245 15
1418 2215 1493 2246 spo-

163 2247 283 2287 pondit
296 2246 494 2289 Heerwagen
509 2260 517 2280 :
551 2249 725 2289 respondit
741 2249 833 2281 AP:
858 2250 1082 2290 responderet
1101 2250 1189 2289 (-ent
1206 2248 1259 2289 Μ)
1277 2247 1403 2282 BMR:
1427 2260 1493 2282 om.

164 2300 187 2320 u
221 2290 335 2323 Cobet:
377 2297 516 2332 petere:
555 2293 702 2333 spondet
732 2290 880 2334 W‘ggers
1029 2292 1117 2325 cons.
1144 2293 1253 2325 classe
1280 2293 1312 2326 ‘3'
1455 2304 1493 2334 17

163 2334 329 2366 adducere
345 2334 445 2376 Nipp.
581 2347 659 2367 eum
682 2335 774 2368 Dan.
795 2335 886 2368 AP:
921 2347 997 2368 eum
1014 2337 1076 2378 hos
1099 2336 1152 2369 B:
1190 2347 1250 2369 eos
1273 2336 1348 2368 MR
1368 2341 1398 2369 et
1419 2348 1492 2371 και.

163 2377 227 2408 lect.
246 2379 280 2409 in
300 2378 390 2411 Dan.
408 2379 442 2410 A
558 2381 608 2419 18,
630 2391 669 2420 19
692 2381 908 2411 conflicturus
925 2406 931 2412 .
951 2404 958 2412 .
979 2406 985 2412 .
1002 2380 1248 2421 composituros
1263 2381 1295 2414 ⁴3·
1382 2382 1425 2412 26
1448 2392 1492 2413 ne

163 2419 239 2452 add.
259 2421 466 2454 Riedenauer
594 2434 647 2463 27,
668 2425 710 2455 28
734 2430 923 2455 nostrorum
942 2449 947 2455 .
966 2448 974 2456 .
993 2448 1000 2457 .
1018 2425 1125 2456 nostri
1143 2425 1174 2456 5·
