1746 2740
689 139 980 180 CHABRIAS
1421 142 1517 183 XII.
1539 143 1586 183 iii

168 254 424 294 damnaturos
450 251 743 292 denuntiarunt.
802 252 879 291 hoc
906 251 971 292 ille
997 251 1138 293 nuntio
1166 253 1343 293 Athenas
1373 253 1498 302 rediit,

169 333 300 371 neque
330 318 384 358 ibi
415 317 563 358 diutius
601 324 660 357 est
698 324 883 365 moratus,
919 330 1040 369 quam
1078 317 1150 357 fuit
1187 331 1362 358 neeesse.
1418 332 1500 359 non
1522 338 1538 360 2

169 386 276 426 enim
314 385 482 425 libenter
518 392 600 425 erat
632 391 724 424 ante
757 385 894 424 oculos
933 397 1095 424 suorum
1133 383 1290 432 civium,
1321 386 1431 436 quod
1462 392 1501 424 et

169 451 325 491 vivebat
345 451 450 490 laute
469 458 508 489 et
527 449 758 501 indulgebat
778 449 853 489 sibi
879 449 1088 498 liberalius,
1104 463 1225 501 quam
1249 457 1294 490 ut
1310 450 1500 491 invidiam

131 531 149 565 5
169 516 274 567 vulgi
303 523 437 568 posset
465 516 644 567 effugere.
704 522 762 554 est
795 514 902 555 enim
933 516 1011 555 hoc
1043 529 1259 555 commune
1287 515 1426 555 vitium
1459 515 1500 555 in
1521 526 1539 558 3

170 581 322 633 magnis
341 580 554 632 liberisque
573 580 808 629 civitatibus,
830 588 873 620 ut
894 580 1041 621 invidia
1066 581 1212 632 gloriae
1238 595 1374 621 comes
1393 581 1443 621 sit
1461 589 1501 621 et

169 647 337 688 libenter
372 648 424 687 de
461 646 507 686 iis
545 648 764 696 detrahant,
804 660 906 698 quos
950 645 1125 687 eminere
1161 647 1322 687 videant
1358 647 1502 696 altius;

169 727 299 765 neque
318 713 452 752 animo
471 726 602 764 aequo
621 725 812 764 pauperes
831 712 1002 753 alienam
1022 713 1270 764 opulentium
1297 713 1503 753 intuuntur

170 780 378 819 fortunam.
428 778 561 830 itaque
578 777 782 826 Chabrias,
797 792 878 830 quo
897 778 934 818 ei
949 777 1104 826 licebat,
1119 778 1334 830 plurimum
1353 779 1498 818 aberat.

113 858 151 882 ιο
170 858 300 896 neque
329 857 421 884 vero
450 846 557 883 solus
587 843 652 883 ille
679 844 816 883 aberat
845 843 1014 883 Athenis
1048 843 1226 892 libenter,
1260 844 1332 883 sed
1361 856 1502 883 omnes
1522 858 1543 890 4

170 912 248 950 fere
282 909 477 962 principes
503 911 680 949 fecerunt
710 909 830 957 idem,
861 910 971 960 quod
1009 917 1164 948 tantum
1197 922 1240 949 se
1272 909 1324 948 ab
1355 909 1503 949 invidia

169 975 362 1027 putabant
390 977 552 1022 futuros,
575 981 767 1025 quantum
786 987 810 1013 a
830 981 1047 1026 conspectu
1072 987 1234 1014 suorum
1258 974 1500 1015 recesserint.

169 1041 302 1092 itaque
322 1042 467 1081 Conon
488 1039 700 1091 plurimum
723 1039 842 1091 Cypri
862 1039 967 1088 vixit,
990 1040 1210 1091 Iphicrates
1234 1040 1275 1079 in
1295 1041 1501 1089 Thraecia,

169 1106 406 1145 Timotheus
435 1105 577 1152 Lesbo,
607 1106 757 1145 Chares
786 1104 913 1155 Sigeo,
946 1104 1148 1145 dissimilis
1168 1105 1332 1157 quidem
1353 1106 1503 1146 Chares

114 1183 151 1218 ¹5
172 1172 312 1210 horum
333 1178 371 1210 et
391 1170 502 1210 factis
522 1177 560 1209 et
581 1170 766 1217 moribus,
790 1170 860 1209 sed
887 1177 1019 1210 tamen
1041 1170 1208 1210 Athenis
1229 1178 1267 1210 et
1288 1172 1503 1211 honoratus

171 1245 209 1276 et
230 1244 380 1287 potens.

225 1302 417 1343 Chabrias
449 1309 582 1341 autem
623 1301 737 1352 periit
767 1301 873 1341 bello
907 1301 1041 1342 sociali
1073 1301 1139 1341 tali
1172 1303 1307 1342 modo.
1379 1310 1547 1354 oppu·4

168 1368 343 1418 gnabant
371 1366 636 1406 Athenienses
666 1366 824 1407 Chium.
884 1374 966 1424 erat
995 1366 1034 1406 in
1058 1368 1182 1407 classe
1206 1366 1399 1408 Chabrias
1430 1368 1504 1419 pri·

169 1440 292 1481 vatus,
341 1432 411 1472 sed
458 1445 608 1480 omnes,
648 1432 716 1483 qui
754 1431 795 1470 in
833 1431 1059 1483 magistratu
1104 1439 1225 1480 erant,
1270 1433 1503 1473 auctoritate

111 1511 152 1535 20
169 1498 356 1546 anteibat,
378 1511 551 1549 eumque
572 1497 695 1548 magis
725 1497 867 1537 milites
888 1511 1008 1549 quam
1029 1497 1096 1549 qui
1117 1505 1323 1548 praeerant
1341 1498 1502 1550 aspicie-

170 1564 276 1604 bant.
335 1577 526 1614 quaeres
555 1563 591 1602 ei
621 1563 829 1602 maturavit
858 1570 1038 1602 mortem.
1096 1576 1189 1602 nam
1222 1564 1320 1603 dum
1354 1563 1502 1615 primus
1525 1577 1540 1599 2

169 1630 302 1669 studet
333 1636 490 1680 portum
526 1628 668 1668 intrare
701 1629 1086 1679 gubernatoremque
1115 1627 1226 1668 iubet
1255 1642 1305 1668 eo
1338 1628 1503 1680 dirigere

170 1708 323 1743 navem,
354 1694 438 1746 ipse
467 1694 542 1733 sibi
573 1693 759 1746 perniciei
789 1693 888 1732 fuit:
917 1706 1009 1732 cum
1039 1692 1145 1732 enim
1176 1706 1224 1733 eo
1248 1700 1501 1744 penetrasset,

170 1767 324 1800 ceterae
353 1773 433 1799 non
463 1767 555 1799 sunt
584 1767 752 1799 secutae.
813 1771 895 1809 quo
924 1759 1029 1797 facto
1049 1757 1310 1797 circumfusus
1330 1758 1503 1798 hostium

111 1838 152 1871 ²5
171 1838 366 1864 concursu
400 1838 492 1863 curn
524 1824 733 1864 fortissime
766 1830 967 1874 pugnaret,
1010 1822 1119 1862 navis
1157 1830 1282 1863 rostro
1320 1836 1504 1874 percussa

171 1890 302 1941 coepit
333 1889 469 1929 sidere.
530 1890 622 1928 hinc
657 1890 831 1940 refugere
862 1901 953 1927 cum
993 1895 1136 1939 posset,
1177 1887 1209 1926 si
1247 1901 1288 1928 se
1318 1888 1359 1927 in
1398 1902 1504 1930 mare
1524 1901 1543 1934 3

171 1955 389 2003 deiecisset,
425 1955 535 2005 quod
566 1955 723 1994 suberat
754 1953 888 1993 classis
922 1952 1238 2001 Atheniensium,
1274 1967 1376 2004 quae
1406 1954 1505 1994 exci-

172 2028 280 2071 peret
311 2020 493 2068 natantis,
529 2019 653 2071 perire
688 2019 825 2059 maluit
855 2032 975 2070 quam
1009 2018 1127 2058 armis
1160 2018 1324 2058 abiectis
1362 2032 1503 2059 navem

216 2134 236 2165 5
260 2125 293 2156 ἰη
310 2124 378 2157 secl.
395 2124 504 2157 Halm
624 2126 646 2156 6
671 2124 820 2156 inuidiae
841 2124 949 2164 gloria
967 2122 1058 2155 Dan.
1073 2122 1143 2154 AB
1285 2133 1506 2167 [emergere

172 2167 280 2199 BMR
484 2171 505 2200 8
528 2168 737 2209 opulentium
762 2168 833 2200 secl.
858 2167 1003 2209 Scheffi’r
1155 2168 1330 2199 intuentur
1352 2166 1506 2199 BMRu:

172 2212 316 2243 alienam
349 2211 558 2252 opulentiam
592 2213 787 2244 intueantur
821 2210 914 2242 Cobet
1070 2221 1092 2252 9
1114 2212 1225 2251 quoad
1253 2209 1316 2242 Mu
1402 2235 1406 2239 .
1466 2221 1506 2242 12

173 2256 326 2287 afuturos
359 2255 483 2288 Fleck.:
533 2256 636 2289 absint.
675 2256 756 2288 Can.
795 2267 816 2286 u
997 2265 1034 2294 ¹4
1061 2254 1160 2286 Lesbi
1193 2254 1256 2286 Mu
1390 2254 1506 2295 Sigaei

173 2298 274 2330 fleck.
410 2310 452 2331 20
475 2299 677 2340 suspiciebat
696 2298 892 2339 Grasberger
1019 2308 1061 2329 22
1084 2298 1414 2339 gubernatoremque
1430 2298 1507 2330 Pu:

174 2352 239 2373 om.
255 2352 322 2415 {aie
340 2342 407 2375 rell.
538 2344 581 2374 26
604 2353 678 2374 cum
695 2342 755 2374 ref.
777 2343 819 2384 (2)
837 2341 928 2374 Dan.
950 2353 957 2373 ι
981 2341 1042 2374 ref.
1064 2351 1138 2373 cum
1157 2352 1224 2373 non
1240 2341 1327 2372 AB:
1353 2352 1428 2374 cum
1445 2342 1505 2375 ref.

176 2394 243 2416 non
295 2385 328 2416 R

220 2482 322 2507 conN.
343 2483 417 2506 κερ.
1399 2473 1423 2506 4
