1746 2740
613 137 1057 178 THEMISTOCLES
1458 138 1513 176 ΙΙ.
1533 136 1584 176 iv

178 249 281 288 simo
300 249 482 289 hostibus
501 251 604 290 adeo
622 257 791 301 angusto
811 249 909 288 mari
928 249 1117 297 conflixit,
1132 256 1175 287 ut
1195 248 1279 288 eius
1299 247 1514 288 multitudo

179 315 340 356 navium
360 315 544 367 explicari
563 329 646 355 non
669 315 851 367 potuerit.
909 314 1035 354 victus
1055 328 1148 366 ergo
1167 322 1226 354 est
1251 314 1374 366 magis
1394 314 1514 354 etiam

180 380 347 420 consilio
367 380 630 420 Themistocli
650 394 768 432 quam
789 380 907 420 armis
929 379 1128 419 Graeciae.

235 446 318 485 Hic
346 446 418 485 etsi
448 448 551 485 male
580 460 662 485 rem
691 452 872 498 gesserat,
905 453 1035 484 tamen
1067 454 1195 484 tantas
1230 446 1403 485 habebat
1432 444 1515 484 reli-
1533 449 1559 490 5

144 527 161 559 5
181 511 292 563 quias
313 511 530 563 copiarum,
550 520 592 550 ut
617 511 735 551 etiam
765 519 849 550 tum
876 510 922 549 iis
949 510 1171 561 opprimere
1195 518 1329 561 posset
1355 511 1514 550 hostes:

181 576 320 616 iterum
350 578 402 616 ab
429 578 572 616 eodem
596 578 719 628 gradu
747 578 935 627 depulsus
963 584 1031 615 est.
1091 590 1183 614 nam
1208 575 1511 624 Themistocles,

180 657 318 682 verens
346 657 398 682 ne
427 643 572 682 bellare
602 650 874 693 perseveraret,
898 641 1103 680 certiorem
1131 655 1222 680 eum
1249 641 1342 680 fecit
1369 641 1409 680 id
1437 640 1511 692 agi,

180 715 223 747 ut
251 722 363 760 pons,
387 722 505 759 quem
535 707 600 746 ille
626 707 665 746 in
694 709 959 757 Hellesponto
985 708 1143 755 fecerat,
1163 706 1442 746 dissolveretur
1466 720 1514 745 ac

180 773 308 813 reditu
342 773 383 811 in
411 773 548 812 Asiam
579 774 865 820 excluderetur,
893 771 1014 822 idque
1048 771 1084 811 ei
1118 771 1320 822 persuasit.
1381 771 1514 822 itaque
1535 787 1549 808 2

123 851 162 874 ιο
180 852 259 890 qua
287 852 355 878 sex
383 838 586 877 mensibus
615 837 688 876 iter
720 838 874 885 fecerat,
907 839 1047 876 eadem
1082 836 1213 875 minus
1247 837 1388 876 diebus
1423 849 1513 875 xxx

180 903 220 942 in
240 904 377 943 Asiam
404 916 579 943 reversus
606 911 664 943 est
691 916 813 954 seque
832 916 855 941 a
875 902 1146 942 Themistocle
1166 916 1247 941 non
1273 911 1511 953 superatum,

179 970 250 1008 sed
269 977 545 1008 conservatum
566 968 764 1007 iudicavit.
824 967 879 1007 sic
900 967 1016 1006 unius
1032 967 1101 1005 viri
1122 967 1332 1018 prudentia
1347 967 1514 1007 Graecia
1533 976 1552 1008 3

179 1034 342 1074 liberata
357 1043 416 1074 est
437 1037 700 1085 Europaeque
720 1033 930 1073 succubuit
945 1033 1050 1072 Asia.
1091 1035 1190 1072 haee
1204 1035 1326 1073 altera
1337 1033 1509 1081 victoria,

180 1114 282 1150 quae
301 1114 392 1139 cum
415 1099 670 1139 Marathonio
689 1099 814 1151 possit
833 1089 1051 1150 comparari
1078 1107 1250 1150 tropaeo.
1310 1114 1402 1139 nam
1430 1099 1512 1150 pari

124 1177 159 1210 ¹5
181 1167 302 1205 modo
330 1166 437 1216 apud
467 1165 665 1205 Salamina
693 1179 813 1216 parvo
842 1179 1009 1204 numero
1038 1165 1197 1204 navium
1227 1165 1398 1205 maxima
1423 1173 1513 1217 post

181 1231 389 1270 hominum
410 1230 640 1270 memoriam
661 1230 795 1270 classis
816 1238 875 1270 est
894 1230 1059 1270 devicta.

236 1297 407 1348 Magnus
445 1297 522 1335 hoc
560 1297 666 1336 bello
699 1295 990 1335 Themistocles
1029 1296 1101 1334 fuit
1139 1310 1270 1347 neque
1309 1296 1438 1335 minor
1471 1296 1510 1336 in
1530 1297 1559 1335 6

179 1375 287 1413 pace.
357 1375 448 1418 cum
486 1361 592 1401 enim
632 1361 837 1401 Phalerico
875 1370 991 1412 portu
1029 1375 1159 1412 neque
1198 1375 1343 1413 magno
1382 1376 1512 1414 neque

180 1426 288 1466 bono
321 1426 585 1466 Athenienses
614 1434 826 1474 uterentur,
862 1426 978 1465 huius
1013 1426 1179 1466 consilio
1213 1426 1352 1478 triplex
1386 1427 1512 1467 Piraei

122 1508 161 1530 20
179 1499 315 1542 portus
353 1492 590 1531 constitutus
629 1499 688 1531 est
732 1491 858 1543 iisque
901 1491 1110 1531 moenibus
1149 1491 1427 1540 circumdatus,
1469 1501 1512 1532 ut

179 1555 304 1607 ipsam
347 1557 486 1596 urbem
529 1556 720 1608 dignitate
761 1556 1043 1608 aequiperaret,
1088 1546 1256 1596 utilitate
1298 1566 1508 1608 superaret.

179 1619 286 1660 idem
312 1634 446 1660 muros
466 1621 771 1660 Atheniensium
798 1621 965 1660 restituit
991 1621 1204 1672 praecipuo
1225 1635 1297 1661 suo
1322 1622 1508 1673 periculo.
1533 1636 1547 1658 2

179 1699 352 1737 namque
380 1686 688 1726 Lacedaemonii
717 1700 876 1725 causam
904 1686 1090 1726 idoneam
1115 1687 1218 1726 nacti
1246 1696 1405 1738 propter
1428 1688 1511 1727 bar-

179 1750 363 1789 barorum
383 1750 645 1799 excursiones,
668 1765 746 1802 qua
772 1760 959 1802 negarent
983 1759 1164 1802 oportere
1184 1760 1291 1791 extra
1318 1754 1510 1804 Pelopon-

121 1830 160 1862 25
180 1830 319 1855 nesum
349 1818 469 1855 ullam
498 1817 636 1856 urbem
666 1817 822 1865 habere,
854 1831 904 1856 ne
933 1825 1064 1856 essent
1098 1819 1186 1856 loca
1214 1817 1376 1866 munita,
1407 1831 1509 1868 quae

180 1881 313 1920 hostes
341 1882 602 1932 possiderent,
622 1882 886 1922 Athenienses
913 1882 1167 1922 aedificantes
1188 1882 1396 1934 prohibere
1416 1892 1508 1922 sunt

179 1946 320 1985 conati.
391 1948 468 1986 hoc
501 1949 618 1998 longe
650 1947 728 1987 alio
762 1949 966 2000 spectabat
999 1957 1118 2000 atque
1151 1948 1274 1988 videri
1307 1950 1504 1989 volebant.
1526 1960 1545 1992 3

179 2011 442 2052 Athenienses
456 2012 561 2052 enim
578 2013 733 2052 duabus
748 2013 930 2062 victoriis,
951 2014 1203 2053 Marathonia
1222 2022 1261 2053 et
1281 2015 1504 2063 Salaminia,

179 2084 327 2116 tantam
369 2077 531 2128 gloriam
577 2079 683 2130 apud
722 2093 861 2118 omnes
898 2079 1024 2131 gentis
1063 2087 1173 2119 erant
1211 2080 1424 2128 consecuti,
1465 2088 1508 2119 ut

118 2158 161 2190 30
178 2141 448 2194 intellegerent
478 2144 784 2183 Lacedaemonii
813 2145 863 2183 de
890 2144 1111 2196 principatu
1138 2145 1211 2184 sibi
1239 2159 1329 2184 cum
1357 2145 1403 2184 iis
1430 2160 1508 2185 cer-

178 2214 309 2247 tamen
339 2210 432 2248 fore.
492 2223 610 2260 quare
638 2223 706 2249 eos
733 2224 851 2260 quam
879 2209 1164 2249 infirmissimos
1194 2225 1279 2250 esse
1306 2211 1502 2251 volebant.
1524 2228 1545 2259 4

221 2323 242 2352 3
263 2313 506 2346 Themistoclei
531 2314 582 2346 P:
615 2315 690 2346 -clis
714 2315 744 2348 ς’
876 2325 895 2355 5
920 2326 994 2346 cum
1021 2315 1074 2347 his
1100 2316 1173 2357 (iis)
1199 2315 1241 2345 M
1267 2315 1340 2348 dett.
1485 2317 1507 2346 6

178 2355 316 2397 iterum]
341 2358 473 2389 interim
497 2357 587 2391 Dan.
612 2358 685 2390 MR
835 2359 874 2390 18
900 2358 1074 2390 phalarico
1098 2359 1187 2392 Dan.
1217 2359 1319 2391 ABP
1463 2369 1506 2391 20

179 2400 286 2440 iisque
309 2401 470 2442 Sclteffer:
495 2403 591 2442 isque
614 2402 700 2434 codd.
857 2413 898 2443 25
924 2403 1039 2434 urbem
1056 2413 1171 2435 muros
1187 2403 1312 2435 habere
1335 2402 1470 2436 BLeid.
1482 2403 1505 2435 ii

179 2453 219 2483 27
244 2444 326 2486 alio]
352 2446 463 2476 animo
486 2445 557 2476 AR
