1746 2740
139 530 158 562 5

119 857 158 881 10

0 516 9 597 3

0 598 8 726 ὲ

0 817 9 874 ε

116 1513 157 1536 20

115 2163 156 2195 30

639 129 1054 185 EP‘AM-INONDAS
1419 146 1506 184 xv.
1535 116 1597 183 vii

179 268 319 295 omnes
349 257 401 296 de
430 257 556 296 salute
587 256 919 308 pertimescerent,
959 257 1070 308 quod
1106 258 1285 297 locorum
1323 256 1512 309 angustiis

178 320 302 360 clausi
320 321 373 360 ab
391 321 573 361 hostibus
598 321 894 369 obsidebantur,
917 321 1131 362 desiderari
1154 318 1296 373 coepta
1322 330 1381 362 est
1411 323 1512 373 Epa-

178 386 393 426 minondae
412 386 616 438 diligentia
633 402 640 426 :
669 395 751 426 erat
770 387 877 426 enirn
897 387 952 427 ibi
978 387 1151 439 privatus
1177 401 1344 427 numero
1364 386 1508 426 militis.

177 465 201 490 a
220 465 301 503 quo
320 466 411 491 cum
432 459 610 504 peterent
630 466 760 503 opem,
782 454 931 492 nullam
957 451 1141 492 adhibuit
1167 452 1399 492 memoriam
1419 466 1511 492 con·
1533 469 1548 491 2

178 517 364 557 tumeliae
391 525 431 557 et
458 517 672 557 exercitum
702 517 913 558 obsidione
941 517 1150 557 liberatum
1170 519 1335 558 domum
1357 517 1511 558 reduxit

177 582 432 623 incolumem.
475 597 550 623 nec
568 597 662 623 vero
681 584 758 623 hoc
778 585 901 623 semel
920 583 1027 632 fecit,
1038 584 1111 623 sed
1131 582 1297 634 saepius.
1343 582 1512 622 maxime
1532 597 1551 628 3

177 655 310 686 autem
331 647 403 687 fuit
423 648 582 696 illustre,
599 662 691 688 cum
705 649 746 687 in
760 650 1083 700 Peloponnesum
1100 647 1316 688 exercitum
1336 647 1512 688 duxisset

177 713 364 752 adversus
385 713 725 753 Lacedaemonios
748 714 994 764 haberetque
1017 714 1188 764 collegas
1208 714 1322 761 duos,
1340 726 1510 764 quorum

177 779 276 817 alter
304 786 386 818 erat
418 778 639 829 Pelopidas,
671 778 730 817 vir
758 778 868 818 sortis
905 791 953 818 ac
991 785 1183 817 strenuus.
1243 777 1285 817 hi
1318 791 1409 817 curn
1443 778 1513 818 cri-

179 842 351 883 minibus
387 843 696 884 adversariorum
736 857 876 884 omnes
913 843 955 883 in
992 843 1183 884 invidiam
1221 843 1421 883 venissent
1458 844 1512 884 ob

176 921 344 960 eamque
372 922 454 948 rem
484 908 692 960 imperium
720 908 768 949 iis
797 916 901 949 esset
919 909 1154 960 abrogatum
1173 915 1293 960 atque
1313 908 1354 947 in
1374 922 1511 948 eorum

175 973 309 1012 locum
346 973 412 1013 alii
450 981 648 1025 praetores
689 973 983 1023 successissent,
1026 973 1326 1026 Epaminondas
1373 973 1510 1026 populi
1529 987 1550 1019 4

176 1038 275 1078 scito
304 1053 387 1079 non
419 1039 549 1091 paruit
578 1039 767 1092 idemque
793 1047 837 1080 ut
859 1041 1035 1080 facerent
1059 1039 1253 1091 persuasit
1281 1039 1443 1091 collegis
1471 1047 1511 1079 et

176 1103 336 1153 bellum,
358 1105 468 1155 quod
497 1112 733 1156 susceperat,
763 1104 895 1157 gessit.
952 1118 1128 1156 namque
1155 1104 1508 1153 animadvertebat,

176 1169 251 1208 nisi
280 1169 320 1209 id
349 1170 517 1219 fecisset,
539 1178 667 1211 totum
696 1171 911 1211 exercitum
935 1178 1097 1222 propter
1121 1178 1346 1222 praetorum
1368 1170 1512 1222 impru-

175 1234 351 1274 dentiam
390 1234 667 1287 inscitiamque
703 1234 799 1275 belli
835 1234 1062 1287 periturum.
1126 1236 1189 1275 lex
1226 1242 1308 1275 erat
1345 1235 1507 1283 Thebis,
1529 1252 1547 1285 5

175 1313 278 1351 quae
307 1307 434 1339 morte
463 1300 667 1348 multabat,
697 1299 730 1339 si
758 1299 847 1351 quis
874 1299 1084 1351 imperium
1104 1299 1253 1339 diutius
1273 1299 1508 1348 retinuisset,

175 1378 295 1416 quarn
324 1366 410 1417 lege
438 1365 689 1417 praefinitum
718 1365 829 1404 foret.
887 1365 992 1404 hanc
1021 1364 1322 1416 Epaminondas
1342 1378 1435 1404 curn
1455 1365 1510 1404 rei

175 1430 359 1481 publicae
389 1431 685 1470 conservandae
721 1443 842 1470 causa
869 1431 989 1469 latam
1017 1429 1180 1478 videret,
1210 1431 1263 1470 ad
1290 1429 1528 1482 perniciem<

176 1495 342 1535 civitatis
362 1496 529 1536 conferri
552 1495 679 1535 noluit
704 1503 743 1535 et
769 1502 956 1547 quattuor
978 1495 1182 1535 mensibus
1206 1494 1366 1543 diutius,
1388 1509 1507 1547 quam

176 1563 346 1613 populus
365 1561 540 1609 iusserat,
561 1560 680 1613 gessit
699 1560 919 1612 imperium.

229 1628 446 1678 Postquam
470 1627 637 1666 domum
663 1626 834 1666 reditum
858 1633 918 1666 est
943 1627 1119 1677 collegae
1138 1626 1223 1666 eius
1246 1627 1324 1666 hoc
1344 1626 1508 1667 crimine
1527 1628 1552 1666 8

174 1693 471 1731 accusabantur.
530 1692 675 1744 quibus
704 1692 769 1732 ille
796 1691 984 1744 permisit,
1015 1700 1058 1731 ut
1086 1705 1249 1732 omnem
1278 1705 1438 1731 causam
1467 1692 1507 1731 in

175 1771 218 1796 se
264 1758 517 1796 transferrent
562 1770 712 1808 suaque
759 1770 880 1808 opera
922 1758 1070 1796 facturn
1122 1757 1421 1804 contenderent,
1464 1765 1507 1797 ut

138 1838 155 1868 5
176 1822 252 1873 legi
282 1835 364 1861 non
390 1821 635 1862 oboedirent.
694 1835 774 1873 qua
810 1822 1043 1862 defensione
1081 1821 1156 1861 illis
1195 1822 1371 1874 periculo
1414 1822 1507 1862 libe-

176 1886 267 1926 ratis
306 1900 425 1926 nemo
473 1886 794 1938 Epaminondam
841 1901 1122 1939 responsurum
1168 1887 1348 1938 putabat,
1394 1889 1504 1939 quod

175 1951 271 2003 quid
300 1952 447 1992 diceret
476 1965 558 1991 non
586 1953 759 1992 haberet.
817 1960 857 1992 at
885 1952 951 1992 ille
978 1953 1019 1991 in
1048 1952 1240 1993 iudicium
1262 1952 1379 2001 venit,
1406 1952 1503 1992 nihil
1525 1968 1542 1991 a

173 2031 309 2057 eorum
338 2017 505 2069 negavit,
536 2031 637 2068 quae
665 2017 875 2057 adversarii
903 2017 1057 2057 crimini
1085 2019 1246 2066 dabant,
1276 2017 1502 2070 omniaque,

173 2097 275 2134 quae
303 2084 477 2134 collegae
505 2082 693 2130 dixerant,
723 2084 928 2123 confessus
955 2090 1016 2123 est
1043 2097 1175 2135 neque
1202 2083 1395 2123 recusavit
1423 2097 1504 2134 quo

175 2147 304 2186 minus
333 2147 428 2198 legis
456 2160 627 2198 poenam
657 2147 819 2196 subiret,
839 2149 910 2187 sed
939 2162 1061 2187 unum
1091 2149 1143 2188 ab
1163 2148 1208 2187 iis
1228 2148 1377 2200 petivit,
1399 2157 1442 2187 ut
1462 2148 1501 2187 in

173 2213 347 2264 periculo
367 2226 440 2252 suo
455 2212 736 2253 inscriberent:
767 2216 776 2233 ‘
790 2213 1090 2264 Epaminondas
1109 2227 1132 2253 a
1151 2214 1356 2254 Thebanis
1377 2221 1502 2254 morte
1522 2226 1541 2258 3

174 2279 359 2317 multatus
379 2286 448 2325 est,
472 2279 582 2328 quod
610 2291 679 2317 eos
708 2277 837 2328 coegit
865 2279 972 2328 apud
993 2279 1160 2317 Leuctra
1181 2292 1363 2330 superare
1386 2281 1503 2318 Lace·

218 2391 235 2421 7
261 2382 294 2412 in
319 2393 388 2414 om.
413 2382 514 2414 ΑΒΡ
648 2391 687 2422 15
709 2382 792 2423 nisi]
820 2382 874 2413 ubi
903 2382 934 2414 ς’
1058 2392 1096 2421 31
1123 2383 1292 2425 periculo]
1319 2384 1501 2425 sepulchro

174 2425 287 2456 Aldus
301 2429 331 2455 et
343 2436 405 2456 exc.
426 2424 500 2458 Pat.
637 2436 679 2467 32
706 2426 849 2457 Leuctra
866 2436 908 2458 u:
936 2425 1113 2457 Leuctram
1130 2425 1241 2457 AMP
1253 2437 1260 2458 :
1285 2437 1353 2458 -um
1373 2427 1437 2458 BR

216 2489 320 2513 com«.
337 2489 413 2514 nep,
1394 2484 1415 2515 5
