1746 2740
691 157 1000 198 AGESILAVS
1376 159 1512 198 XVII.
1535 156 1597 197 vii

178 263 374 321 praesidio
404 269 502 310 fuit:
538 283 563 310 a
592 269 737 322 quibus
766 283 911 321 magna
938 271 1110 310 donatus
1138 266 1309 323 pecunia
1345 270 1511 321 patriam

178 333 406 374 sublevavit.
464 342 584 386 atque
612 334 653 374 in
682 336 760 374 hoc
789 335 887 374 illud
915 335 957 374 in
987 335 1123 387 primis
1156 335 1228 375 fuit
1265 335 1509 385 admirabile,
1531 351 1549 383 3

177 413 269 438 cum
289 399 460 439 maxima
471 414 636 440 munera
655 399 691 440 ei
710 400 762 439 ab
777 399 934 451 regibus
953 414 1000 440 ac
1019 391 1195 451 dynastis
1208 400 1512 452 civitatibusque

177 465 457 514 conferrentur,
490 466 601 517 quod
629 465 728 504 nihil
756 479 947 516 umquam
977 466 1142 505 domum
1181 479 1294 505 suam
1331 466 1510 515 contulit,

140 545 158 577 5
178 529 275 568 nihil
305 531 355 570 de
384 530 502 578 victu,
533 530 631 569 nihil
660 531 712 570 de
740 530 884 570 vestitu
914 532 1121 570 Laconum
1153 530 1330 570 mutavit.
1389 532 1512 571 domo
1531 548 1551 578 4

178 596 318 635 eadem
339 595 412 635 fuit
432 603 654 644 contentus,
673 609 753 647 qua
774 597 1054 647 Eurysthenes,
1071 595 1298 648 progenitor
1317 597 1511 636 maiorum

178 675 351 710 suorum,
383 660 508 700 fuerat
536 675 654 701 usus:
703 675 824 713 quam
854 661 923 713 qui
960 661 1134 711 intrarat,
1162 663 1317 701 nullum
1355 662 1511 714 signum

178 725 365 774 libidinis,
387 728 539 765 nullum
566 726 740 766 luxuriae
766 726 900 766 videre
925 734 1090 778 poterat,
1112 733 1250 766 contra
1273 740 1320 766 ea
1345 727 1514 778 plurima

179 791 392 843 patientiae
410 801 530 843 atque
548 792 823 832 abstinentiae.
882 793 938 832 sic
958 792 1065 832 enim
1085 800 1167 832 erat
1186 792 1386 841 instructa,
1408 801 1451 832 ut
1471 792 1511 831 in

122 870 162 893 ιο
180 858 288 896 nulla
307 871 348 896 re
367 857 538 897 differret
557 858 729 897 cuiusvis
749 857 880 909 inopis
898 865 1019 909 atque
1038 857 1188 910 privati.

232 924 366 973 Atque
392 922 457 962 hic
486 930 618 962 tantus
647 923 706 963 vir
731 931 774 963 ut
807 931 988 963 naturam
1018 923 1222 963 fautricem
1250 924 1443 964 habuerat
1471 923 1512 963 in
1533 923 1558 961 8

178 987 397 1027 tribuendis
430 987 553 1027 animi
586 988 805 1036 virtutibus,
842 988 899 1028 sic
936 989 1158 1029 maleficam
1196 996 1337 1028 nactus
1375 997 1434 1028 est
1471 989 1512 1028 in

178 1066 342 1104 corpore
372 1054 585 1104 fingendo:
626 1068 718 1094 nam
750 1061 790 1094 et
820 1061 968 1093 statura
997 1054 1070 1094 fuit
1100 1053 1241 1094 humili
1271 1062 1310 1094 et
1347 1068 1512 1106 corpore
1538 1058 1541 1061 '

178 1118 319 1170 exiguo
345 1126 383 1158 et
410 1120 576 1159 claudus
598 1121 722 1159 altero
745 1121 860 1171 pede.
918 1133 1021 1171 quae
1047 1134 1108 1159 res
1131 1120 1250 1160 etiam
1276 1121 1510 1160 nonnullam

120 1197 157 1231 15
176 1185 364 1224 afferebat
411 1185 714 1234 deformitatem,
756 1193 879 1237 atque
925 1184 1059 1237 ignoti,
1099 1185 1241 1225 faciem
1289 1185 1372 1225 eius
1420 1199 1511 1225 curn

177 1246 431 1295 intuerentur,
462 1249 799 1297 contemnebant;
845 1248 914 1300 qui
950 1257 1083 1288 autem
1112 1248 1274 1288 virtutes
1308 1256 1510 1296 noverant,

176 1326 258 1352 non
296 1320 479 1364 poterant
515 1313 700 1353 admirari
741 1313 846 1353 satis.
923 1315 1034 1365 quod
1072 1313 1108 1354 ei
1149 1327 1223 1353 usu
1261 1313 1382 1363 venit,
1419 1327 1510 1353 cum
1533 1329 1549 1351 2

175 1391 371 1418 annorum
394 1390 509 1417 Lxxx
527 1379 707 1419 subsidio
722 1381 863 1419 Tacho
884 1379 924 1418 in
938 1381 1164 1430 Aegyptum
1185 1378 1292 1418 iisset
1312 1386 1351 1418 et
1370 1378 1411 1417 in
1424 1385 1513 1417 acta

177 1457 267 1483 cum
298 1444 378 1483 suis
407 1444 659 1484 accubuisset
688 1445 773 1485 sine
811 1447 893 1484 ullo
932 1452 1038 1484 tecto
1067 1452 1312 1495 stratumque
1349 1445 1514 1484 haberet

119 1523 157 1545 20
176 1511 263 1557 tale,
286 1517 330 1549 ut
351 1517 452 1550 terra
471 1517 576 1550 tecta
595 1518 698 1550 esset
718 1510 942 1550 stramentis
958 1524 1089 1561 neque
1109 1511 1188 1550 huc
1207 1509 1376 1561 amplius
1391 1523 1512 1561 quam

175 1575 288 1626 pellis
317 1583 421 1615 esset
449 1575 604 1624 iniecta,
627 1577 852 1627 eodemque
880 1575 1047 1616 comites
1074 1589 1214 1615 omnes
1233 1575 1512 1615 accubuissent
1541 1627 1544 1631 y

175 1641 318 1681 vestitu
345 1641 485 1680 humili
510 1650 631 1693 atque
657 1642 850 1691 obsoleto,
873 1649 917 1682 ut
942 1655 1080 1682 eorum
1105 1649 1266 1682 ornatus
1285 1654 1366 1680 non
1387 1642 1511 1680 modo

175 1706 215 1746 in
237 1707 297 1747 his
323 1721 454 1759 regem
479 1707 680 1747 neminem
701 1707 951 1759 significaret,
971 1709 1041 1747 sed
1061 1706 1244 1746 homines
1270 1720 1352 1745 non
1372 1705 1511 1745 beatis-

176 1772 297 1812 simos
317 1787 403 1813 esse
423 1773 690 1824 suspicionem
711 1774 926 1825 praeberet.
985 1772 1102 1812 huius
1128 1773 1179 1812 de
1204 1773 1377 1812 adventu
1405 1773 1510 1810 sarna
1530 1786 1548 1817 3

119 1851 157 1884 25
177 1851 267 1877 curn
294 1839 347 1878 ad
377 1838 503 1890 regios
530 1846 633 1878 esset
660 1840 817 1889 perlata,
847 1837 1024 1877 celeriter
1049 1851 1213 1877 munera
1241 1851 1290 1876 eo
1317 1836 1510 1887 cuiusque

175 1903 328 1954 generis
355 1912 447 1943 sunt
475 1906 602 1943 allata.
662 1905 722 1943 his
749 1903 1030 1955 quaerentibus
1059 1902 1287 1954 Agesilaum
1318 1901 1381 1940 vix
1411 1902 1510 1941 fides

176 1970 279 2008 facta
304 1977 373 2016 est,
396 1984 520 2008 unum
550 1983 636 2009 esse
665 1984 712 2009 ex
739 1969 785 2008 iis
812 1969 879 2020 qui
907 1977 991 2008 tum
1011 1968 1271 2008 accubabant.
1330 1966 1508 2018 quicum
1528 1979 1549 2010 4

176 2034 275 2086 regis
295 2035 425 2074 verbis
448 2049 552 2086 quae
576 2036 788 2074 attulerant
807 2035 1021 2082 dedissent,
1043 2034 1108 2072 ille
1135 2040 1287 2084 praeter
1305 2031 1509 2071 vitulinam

177 2107 215 2138 et
244 2099 328 2139 eius
358 2101 466 2139 modi
496 2114 640 2152 genera
669 2100 836 2147 obsonii,
869 2113 971 2151 quae
1003 2112 1188 2150 praesens
1222 2105 1378 2148 tempus
1411 2096 1510 2136 desi-

118 2175 158 2207 30
177 2165 350 2214 derabat,
387 2166 485 2204 nihil
523 2165 699 2216 accepit:
752 2173 963 2217 unguenta,
1005 2177 1172 2203 coronas
1212 2163 1510 2212 secundamque

224 2279 271 2309 12,
294 2279 330 2309 13
357 2269 388 2300 in
407 2280 551 2311 corpore
568 2269 642 2301 eius
661 2270 742 2310 (om.
764 2269 839 2301 cius
856 2268 897 2309 u)
915 2268 1073 2308 fingendo
1092 2267 1268 2307 (fugiendo
1288 2264 1394 2305 Laid.)
1417 2263 1506 2296 Leid.

177 2312 249 2344 Pu:
275 2313 308 2344 in
334 2323 477 2353 corpore
503 2314 566 2346 rell.
704 2324 756 2353 23,
778 2323 819 2352 24
845 2312 1002 2344 homines
1034 2322 1102 2343 non
1133 2310 1344 2342 beatissimos
1375 2319 1452 2340 esse
1479 2308 1513 2339 B

177 2366 257 2388 corr.
275 2368 283 2388 :
313 2367 377 2388 om.
398 2368 475 2388 esse
491 2357 594 2388 ABP
606 2361 635 2388 et
653 2358 687 2388 in
713 2367 820 2398 marg.
848 2366 891 2388 u:
916 2356 1063 2388 hominis
1087 2364 1155 2386 non
1180 2352 1368 2385 beatissimi
1388 2350 1510 2384 MRu:

177 2399 334 2432 homines
349 2411 425 2432 esse
442 2411 511 2433 non
530 2402 561 2434 b.
579 2401 681 2433 Fleck.
