1746 2740
698 129 1000 171 LYSANDER
1460 130 1534 170 VI.
1554 128 1605 168 iv

179 244 276 293 bazi‚
299 243 463 296 satrapis
492 242 597 295 regii.
656 257 750 283 nam
778 257 871 283 cum
900 243 1107 295 Lysander
1133 244 1356 295 praefectus
1382 241 1517 282 classis

178 309 219 350 in
249 310 355 350 bello
384 312 508 350 multa
531 309 742 350 crudeliter
766 323 963 361 avareque
986 309 1146 349 fecisset
1164 311 1295 361 deque
1324 309 1371 348 iis
1400 309 1518 348 rebus

179 375 443 428 suspicaretur
470 377 522 416 ad
551 375 656 416 cives
685 390 779 415 suos
807 389 894 415 esse
922 377 1130 426 perlatum,
1159 374 1272 427 petiit
1296 389 1321 414 a
1348 376 1518 414 Pharna-

178 441 277 482 bazo
305 450 349 481 ut
376 443 429 482 ad
457 443 629 494 ephoros
658 441 733 482 sibi
759 441 1033 481 testimonium
1058 443 1180 489 daret,
1203 448 1352 492 quanta
1378 439 1518 480 sancti-

139 518 158 551 5
178 514 258 547 tate
299 507 449 547 bellum
490 507 675 559 gessisset
713 507 924 559 sociosque
967 514 1182 555 tractasset,
1223 507 1355 558 deque
1392 521 1440 546 ea
1476 520 1518 545 re

177 581 360 613 accurate
390 573 600 614 scriberet:
630 587 816 625 magnam
845 575 953 613 enim
983 573 1068 613 eius
1096 572 1373 613 auctoritatem
1401 571 1441 611 in
1471 586 1518 611 ea

177 653 218 678 re
238 640 420 679 futuram.
470 639 563 679 huic
582 639 648 679 ille
668 639 880 680 liberaliter
899 638 1133 691 pollicetur:
1162 638 1306 678 librum
1325 639 1516 690 grandem
1537 654 1555 677 2

176 704 305 745 verbis
335 704 469 744 multis
497 705 741 757 conscripsit,
773 704 815 744 in
845 704 992 756 quibus
1020 704 1187 744 summis
1216 718 1309 744 eum
1337 705 1411 743 sert
1438 705 1518 743 lau-

177 770 306 810 dibus.
375 785 496 823 quem
534 785 626 811 cum
666 772 822 823 legisset
861 771 1159 823 probassetque‚
1194 771 1292 810 dum
1331 769 1518 821 signatur,

118 852 157 875 ιο
176 838 343 876 alterum
377 836 461 888 pari
499 836 773 888 magnitudine
811 843 922 876 tanta
960 835 1229 884 similitudine,
1265 843 1309 875 ut
1346 834 1518 875 discerni

176 915 259 942 non
292 910 440 954 posset,
474 902 672 954 signatum
708 901 888 951 subiecit,
919 901 961 941 in
995 916 1078 953 quo
1111 901 1404 941 accuratissime
1433 900 1517 940 eius

175 967 377 1007 avaritiam
397 967 686 1019 perfidiamque
704 974 918 1007 accusarat.
979 968 1106 1007 Hunc
1127 968 1331 1018 Lysander
1350 968 1516 1006 domum
1537 978 1555 1010 3

176 1046 268 1072 cum
302 1032 478 1081 redisset,
509 1041 722 1084 postquam
757 1033 809 1072 de
843 1032 924 1071 suis
953 1033 1072 1072 rebus
1105 1032 1225 1084 gestis
1258 1033 1365 1083 apud
1399 1031 1518 1072 maxi—

176 1111 286 1136 mum
321 1097 591 1149 magistratum
626 1112 730 1149 quae
762 1099 939 1137 voluerat
973 1097 1134 1146 dixerat,
1171 1097 1387 1137 testimonii
1426 1099 1516 1137 loco

119 1170 154 1205 15
176 1162 320 1201 librum
340 1177 364 1202 a
390 1164 646 1203 Pharnabazo
676 1163 814 1202 datum
843 1162 1016 1203 tradidit.
1075 1164 1184 1202 hunc
1213 1170 1414 1202 summoto
1445 1164 1516 1213 Ly-

177 1228 322 1267 sandro
341 1242 433 1267 cum
455 1228 593 1280 ephori
613 1236 865 1279 cognossent,
885 1227 959 1279 ipsi
979 1229 1193 1280 legendum
1214 1229 1421 1269 dederunt.
1461 1227 1516 1268 ita

176 1292 241 1332 ille
260 1293 492 1346 imprudens
511 1293 597 1346 ipse
616 1307 712 1333 suus
731 1293 805 1333 fuit
822 1301 1040 1334 accusator.

228 1421 497 1477 ALC1i31ADEs,
534 1420 689 1462 Cliniae
727 1420 842 1470 filius,
878 1419 1146 1461 Atheniensis.
1219 1420 1260 1461 in
1298 1422 1376 1461 hoc
1415 1421 1512 1473 quid
1533 1428 1552 1457 1

174 1493 314 1526 natura
341 1488 495 1527 efficere
523 1486 648 1539 possit
676 1486 832 1526 videtur
860 1494 1030 1538 experta.
1089 1495 1245 1526 constat
1274 1487 1381 1527 enim
1412 1488 1514 1527 inter

114 1564 157 1588 20
175 1549 325 1606 omnes,
356 1551 425 1603 qui
453 1553 505 1592 de
533 1566 582 1591 eo
611 1552 827 1592 memoriae
854 1548 1130 1604 prodiderunt,
1159 1542 1258 1592 nihil
1291 1553 1360 1593 illo
1392 1553 1512 1593 fuisse

174 1617 429 1657 excellentius
447 1619 510 1657 vel
539 1617 580 1657 in
599 1617 703 1658 vitiis
722 1619 785 1657 vel
813 1617 854 1656 in
873 1618 1093 1658 virtutibus.
1152 1627 1268 1658 natus
1293 1618 1333 1658 in
1355 1619 1512 1670 amplis·
1532 1637 1548 1659 2

173 1682 274 1722 sima
305 1683 464 1723 civitate
497 1682 655 1723 summo
689 1673 846 1735 gen'ere,
875 1675 1057 1723 omnium
1091 1679 1354 1724 aetatis‘suae
1384 1687 1511 1724 multo

172 1747 479 1787 formosissimus
493 1763 503 1797 3
531 1750 583 1788 ad
599 1762 738 1788 omnes
759 1762 819 1788 res
839 1755 962 1800 aptus'
977 1744 1211 1800 consiliique
1230 1751 1371 1800 plenus
1386 1748 1512 1801 (nam-

173 1826 251 1862 que
270 1811 483 1864 imperator
502 1813 574 1852 fuit
595 1827 775 1853 summus
796 1822 834 1853 et
855 1810 952 1852 mari
973 1821 1012 1853 et
1034 1814 1150 1866 terra)
1165 1828 1175 1863 ς
1205 1814 1383 1863 disertus,
1406 1811 1449 1854 ut
1469 1814 1509 1854 in

115 1895 152 1929 ²5
173 1878 308 1929 primis
337 1879 510 1919 dicendo
538 1881 694 1928 valeret,
717 1881 827 1930 quod
857 1887 967 1918 tanta
996 1887 1078 1919 erat
1108 1880 1406 1921 commendatio
1432 1880 1509 1920 oris

171 1952 291 1995 atque
329 1944 530 1993 orationis,
568 1952 611 1984 ut
649 1958 769 1984 nemo
807 1944 843 1984 ei
886 1942 1085 2003 {dice-ndo]
1123 1954 1259 1996 posset
1306 1946 1484 2001 resistere
1499 1961 1509 1995 ;

172 2009 282 2049 dives
297 2024 307 2058 3
335 2024 428 2049 cum
455 2018 612 2062 tempus
639 2001 829 2061 posceret,
853 2007 1085 2059 laboriosus,
1115 2011 1296 2062 patiens,
1325 2012 1504 2060 liberalis,
1528 2026 1546 2057 3

172 2065 403 2124 splendidus
423 2088 505 2114 non
527 2075 657 2114 minus
677 2075 718 2114 in
733 2074 812 2114 vita
832 2088 951 2125 quam
967 2075 1073 2115 victu
1088 2091 1099 2125 3
1126 2076 1303 2124 affabilis,
1324 2077 1505 2125 blandus,

171 2141 415 2192 temporibus
444 2142 696 2182 callidissime
726 2134 923 2182 serviens:
954 2141 1071 2191 idem,
1101 2141 1217 2181 simul
1247 2156 1294 2181 ac
1325 2156 1366 2182 se
1395 2143 1545 2191 remi-4

215 2257 232 2286 7
246 2257 384 2286 grauem
401 2247 432 2280 ς’
520 2248 540 2278 8
556 2248 655 2279 effert
668 2246 776 2278 BMR
867 2256 907 2279 ιο
924 2251 960 2279 et
977 2252 1068 2278 tanta
1085 2246 1130 2279 ed.
1151 2247 1246 2279 Teub.
1344 2257 1384 2278 12
1404 2247 1506 2279 Hunc

173 2289 364 2331 Lysander]
406 2290 506 2322 Hunc
526 2291 583 2323 del.
612 2291 713 2323 Fleck.
856 2292 894 2322 18
918 2291 951 2322 in
977 2302 1043 2331 quo
1067 2291 1156 2322 Leid.
1252 2292 1303 2329 18,
1323 2302 1362 2332 19
1386 2296 1506 2323 natura

171 2334 251 2372 quid
267 2334 298 2365 ⁴3·
385 2336 428 2365 26
452 2335 598 2366 dicendo
615 2335 727 2367 incius.
745 2334 845 2381 Nipp.
861 2346 867 2366 :
893 2336 1020 2365 dicenti
1041 2334 1173 2365 Bardr'lt‘
1258 2345 1299 2375 27
1324 2335 1420 2366 diues
1430 2339 1508 2376 post

171 2376 431 2409 formosissimus
443 2378 637 2420 ponendum
653 2382 752 2410 cinset
766 2378 996 2419 freudenberg,
1011 2378 1092 2418 cons.
1106 2378 1184 2410 Ere.
1199 2378 1274 2410 Pat.
1289 2378 1386 2410 Roth.
1395 2383 1429 2420 p.
1445 2388 1504 2418 ¹94
