1746 2740
710 135 1020 176 AGESILAVS
1439 135 1539 175 XVI
1545 128 1575 174 Ϊ.
1596 136 1611 173 i

193 261 284 289 cum
304 247 501 300 Agesilao,
522 255 664 300 patruo
693 261 776 296 suo,
799 247 1006 288 contendit
1030 261 1163 299 neque
1185 248 1228 288 id
1253 249 1364 300 quod
1389 247 1526 299 petivit

192 321 430 354 consecutus
467 320 538 353 est.
606 326 700 352 nam
740 313 946 363 Lysandro
982 314 1230 364 suffragante,
1270 312 1443 362 homine,
1484 319 1527 351 ut
1547 323 1565 355 5

192 378 441 419 ostendimus
487 392 616 430 supra,
665 378 832 418 factioso
878 386 919 418 et
964 378 1011 418 iis
1058 378 1304 430 temporibus
1350 386 1525 430 potente,

191 444 397 497 Agesilaus
425 446 620 484 antelatus
649 452 719 485 est.

154 522 172 556 5
248 509 330 550 Hic
358 509 476 550 simul
504 518 624 561 atque
653 510 806 561 imperii
835 510 984 562 potitus
1014 518 1082 559 est,
1109 509 1302 562 persuasit
1331 511 1527 550 Lacedae·
1543 517 1569 546 2

192 575 336 616 moniis
369 584 413 615 ut
445 576 636 616 exercitus
671 576 894 616 emitterent
924 576 967 616 in
1003 576 1142 616 Asiam
1179 577 1410 628 bellumque
1445 575 1527 626 regi

191 643 374 690 facerent,
415 643 566 682 docens
605 642 726 682 satius
763 655 851 682 esse
888 641 930 681 in
967 641 1064 681 Asia
1109 655 1230 693 quam
1277 641 1318 681 in
1366 643 1527 693 Europa

191 706 379 747 dimicari.
457 721 630 759 namque
674 709 780 747 fama
820 707 965 747 exierat
1009 709 1251 747 Artaxerxen
1297 697 1526 758 comparare

0 766 11 818 ἱ
191 772 325 812 classis
355 773 629 824 pedestrisque
661 773 864 822 exercitus,
896 786 998 824 quos
1031 773 1073 812 in
1104 772 1312 812 Graeciam
1341 772 1524 812 mitteret.

0 829 6 835 “
135 850 175 874 ιο
190 838 284 876 data
310 845 507 889 potestate
535 845 645 877 tanta
672 838 872 878 celeritate
900 852 994 878 usus
1024 846 1094 887 est,
1116 846 1160 877 ut
1187 837 1294 890 prius
1322 837 1362 877 in
1387 837 1524 893 Asiam
1546 855 1562 878 2

189 916 280 942 cum
315 902 441 954 copiis
478 903 711 955 pervenerit,
744 917 863 955 quam
901 903 997 955 regii
1035 911 1214 955 satrapae
1251 917 1343 943 eum
1381 903 1527 943 scirent

189 969 422 1020 profectum.
479 982 562 1020 quo
582 970 731 1009 factum
751 977 810 1009 est
834 977 878 1008 ut
902 968 1034 1009 omnis
1060 969 1274 1021 imparatos
1300 969 1525 1021 impruden-

189 1042 328 1085 tesque
342 1036 575 1076 offenderet.
622 1034 664 1075 id
676 1042 720 1075 ut
731 1034 918 1086 cognovit
933 1035 1232 1087 Tissaphernes,
1241 1035 1310 1086 qui
1323 1048 1523 1074 summum
1544 1047 1562 1078 3

188 1098 398 1150 imperium
437 1108 522 1140 tum
561 1100 663 1141 inter
699 1102 919 1152 praefectos
960 1101 1135 1140 habebat
1173 1100 1310 1152 regios,
1351 1099 1524 1140 indutias

132 1178 168 1211 ¹5
188 1178 212 1203 a
243 1167 404 1207 Lacone
433 1165 582 1218 petivit,
616 1166 806 1206 simulans
835 1180 879 1206 se
915 1167 1011 1206 dare
1043 1179 1220 1218 operam,
1250 1173 1294 1205 ut
1327 1166 1525 1206 Lacedae—

190 1230 333 1270 moniis
356 1245 449 1270 cum
478 1245 568 1283 rege
597 1231 838 1280 conveniret,
858 1246 900 1272 re
925 1239 1060 1271 autem
1079 1245 1171 1271 vera
1192 1232 1245 1271 ad
1264 1230 1400 1283 copias
1418 1245 1524 1270 com·

188 1297 394 1346 parandas,
409 1310 556 1348 easque
571 1296 792 1348 impetravit
805 1297 1019 1337 trimestris.
1060 1296 1200 1336 iuravit
1211 1304 1345 1336 autem
1358 1300 1525 1348 uterque
1542 1311 1562 1341 4

188 1374 231 1401 se
268 1361 354 1401 sine
390 1363 486 1402 dolo
524 1362 698 1402 indutias
736 1371 1071 1402 conservaturum.
1142 1362 1183 1401 in
1221 1376 1302 1413 qua
1338 1362 1524 1413 pactione

188 1439 343 1466 summa
366 1428 446 1467 fide
475 1427 619 1467 mansit
639 1427 856 1479 Agesilaus,
879 1435 1018 1467 contra
1040 1441 1087 1467 ea
1113 1427 1399 1479 Tissaphernes
1425 1427 1523 1466 nihil

131 1506 170 1529 20
187 1491 295 1531 aliud
332 1506 453 1544 quarn
487 1493 637 1533 bellum
666 1493 920 1544 comparavit.
992 1493 1033 1533 id
1063 1492 1136 1533 etsi
1166 1492 1363 1533 sentiebat
1401 1494 1524 1542 Laco,
1542 1504 1559 1536 5

188 1565 321 1597 tamen
341 1558 614 1599 iusiurandum
635 1560 815 1599 servabat
841 1561 1092 1610 multumque
1120 1559 1161 1598 in
1187 1572 1237 1598 eo
1262 1572 1305 1598 se
1330 1558 1523 1610 consequi

186 1622 357 1672 dicebat,
389 1625 499 1676 quod
527 1624 814 1677 Tissaphernes
844 1624 1015 1676 periurio
1043 1638 1117 1664 suo
1145 1632 1185 1664 et
1222 1623 1406 1663 homines
1443 1623 1523 1663 suis

188 1688 304 1728 rebus
323 1689 564 1729 abalienaret
583 1698 623 1730 et
642 1691 740 1730 deos
760 1689 835 1730 sibi
855 1689 974 1729 iratos
1000 1691 1193 1738 redderet,
1216 1703 1259 1729 se
1277 1697 1410 1729 autem
1432 1691 1526 1728 conss

188 1762 339 1794 servata
358 1754 546 1806 religione
565 1757 800 1795 confirmare
826 1755 1053 1803 exercitum,
1075 1769 1167 1794 cum
1193 1754 1523 1794 animadverteret

129 1833 169 1866 25
187 1820 308 1859 deum
346 1834 495 1860 numen
538 1822 666 1861 facere
710 1835 857 1869 secum,
898 1821 1161 1872 hominesque
1199 1820 1274 1860 sibi
1312 1820 1522 1860 conciliare

185 1884 402 1934 amiciores,
434 1887 545 1938 quod
574 1886 620 1926 iis
659 1888 817 1927 studere
847 1894 1120 1936 consuessent,
1151 1899 1252 1937 quos
1290 1899 1521 1925 conservare

186 1950 307 1990 fidem
327 1950 516 1991 viderent.

243 2017 459 2067 Postquam
487 2016 727 2057 indutiarum
755 2017 952 2069 praeteriit
979 2017 1075 2065 dies,
1098 2017 1287 2057 barbarus
1307 2030 1389 2056 non
1409 2016 1522 2056 dubi·
1539 2025 1564 2063 3

187 2086 285 2127 tans,
316 2082 427 2132 quod
455 2081 578 2132 ipsius
606 2090 717 2122 erant
747 2082 914 2134 plurima
941 2082 1144 2122 domicilia
1172 2081 1213 2120 in
1245 2081 1361 2122 Caria
1398 2089 1437 2121 et
1474 2095 1521 2121 ea

126 2160 171 2192 30
188 2145 294 2196 regio
331 2146 377 2185 iis
415 2147 660 2198 temporibus
699 2149 824 2187 multo
862 2148 1075 2199 putabatur
1111 2146 1431 2199 locupletissima,
1471 2160 1521 2186 eo

187 2209 436 2260 potissimum
475 2212 609 2251 hostes
648 2211 840 2263 impetum
874 2214 1056 2260 facturos,
1092 2212 1223 2252 omnis
1257 2226 1347 2251 suas
1384 2211 1520 2263 copias

185 2287 235 2313 eo
272 2283 527 2315 contraxerat.
596 2284 637 2316 at
675 2276 881 2327 Agesilaus
920 2276 959 2315 in
1000 2276 1207 2328 Phrygiam
1246 2290 1288 2316 se
1326 2276 1519 2316 convertit
1540 2290 1555 2311 2

670 2390 712 2421 ²5
736 2381 908 2413 conciliari
926 2380 1023 2412 MRu
