1746 2740
148 130 182 168 Ι.
205 140 236 167 v
593 130 846 170 CORNELI
886 130 1127 171 NEPOTIS

204 240 486 281 commiserunt
505 248 695 294 (namque
721 242 880 281 arbores
907 241 1040 281 multis
1060 241 1158 281 locis
1178 249 1288 281 erant
1307 240 1436 295 rarae)
1451 242 1531 282 hoe

203 305 380 355 consilio,
411 313 455 345 ut
485 313 523 345 et
552 305 747 345 montium
781 306 989 346 altitudine
1023 314 1245 358 tegerentur
1274 314 1313 345 et
1345 307 1530 346 arborum

203 378 329 410 tractu
358 371 554 422 equitatus
584 371 757 411 hostium
785 371 1040 422 impediretur
1069 386 1119 411 ne
1149 372 1403 411 multitudine
1429 373 1532 411 clau-

165 447 185 478 4
203 437 398 475 derentur.
441 436 554 475 Datis
574 437 646 476 etsi
666 450 748 476 non
767 451 939 488 aequum
959 439 1092 476 locum
1108 437 1268 476 videbat
1289 437 1379 486 suis,
1397 445 1531 477 tamen

203 502 322 540 fretus
349 515 514 556 numero
542 501 743 553 copiarum
769 516 927 542 suarum
954 502 1165 553 confligere
1185 502 1380 553 cupiebat,
1403 517 1533 554 eoque
1550 516 1568 548 5

203 565 336 617 magis,
369 567 490 616 quod,
522 566 750 618 priusquam
785 567 1094 607 Lacedaemonii
1127 567 1306 607 subsidio
1339 567 1528 617 venirent,

203 630 391 670 dimicare
418 631 512 670 utile
538 632 808 671 arbitrabatur.
866 632 1000 684 itaque
1026 632 1066 671 in
1095 632 1221 671 aciem
1242 632 1423 684 peditum
1442 647 1531 672 cen-

203 703 298 744 tum,
322 696 499 746 equitum
521 698 660 736 decem
682 696 790 736 milia
813 697 999 748 produxit
1024 697 1299 748 proeliumque
1319 697 1527 737 commisit.

167 773 184 804 5
203 761 243 800 in
271 776 350 812 quo
374 769 484 801 tanto
510 764 597 812 plus
624 762 765 801 virtute
790 764 996 802 valuerunt
1016 762 1290 810 Athenienses,
1313 770 1357 802 ut
1377 764 1532 802 decem-

203 827 346 878 plicem
363 841 571 866 numerum
587 827 761 866 hostium
776 827 1027 878 profligarint,
1045 829 1227 878 adeoque
1242 828 1528 878 perterruerint,
1554 842 1592 864 10

204 899 247 931 ut
268 895 407 932 Persae
428 907 509 932 non
530 901 664 942 castra,
689 895 760 932 sed
786 907 905 932 naves
925 893 1117 945 petierint.
1177 907 1256 944 qua
1281 907 1414 945 pugna
1432 893 1530 932 nihil

202 959 334 997 adhuc
364 958 509 997 exstitit
542 958 739 998 nobilius:
778 961 886 998 nulla
914 958 1020 998 enim
1054 973 1244 1010 umquam
1278 967 1359 998 tarn
1393 958 1531 1009 exigua

203 1037 343 1062 manus
365 1030 491 1062 tantas
513 1037 608 1074 opes
628 1023 846 1074 prostravit.

144 1093 184 1131 ·6
258 1087 381 1127 Cuius
415 1087 599 1127 victoriae
637 1102 719 1126 non
756 1088 929 1127 alienum
966 1089 1121 1128 videtur
1158 1091 1274 1140 quale
1312 1089 1529 1140 praemium

206 1152 376 1192 Miltiadi
410 1153 459 1192 sit
496 1153 686 1192 tributum
721 1155 874 1202 docere,
911 1167 991 1204 quo
1024 1154 1175 1193 facilius
1205 1154 1379 1206 intellegi
1406 1154 1530 1205 possit
1551 1166 1590 1200 15

167 1231 182 1251 2
204 1218 372 1257 eandem
400 1218 579 1257 omnium
606 1218 808 1276 civitatum
835 1233 920 1258 esse
941 1227 1130 1258 naturam.
1190 1227 1234 1258 ut
1259 1219 1365 1259 enim
1392 1220 1530 1271 populi

205 1283 378 1322 Romani
398 1284 568 1323 honores
588 1285 791 1334 quondam
811 1285 968 1323 fuerunt
987 1284 1061 1322 rari
1081 1292 1120 1323 et
1139 1292 1278 1323 tenues
1294 1285 1346 1323 ob
1363 1299 1531 1336 eamque

203 1362 363 1387 causam
388 1348 556 1399 gloriosi,
579 1363 686 1388 nunc
712 1357 844 1388 autem
871 1349 984 1388 effusi
1010 1357 1130 1400 atque
1156 1349 1335 1397 obsoleti,
1359 1349 1415 1389 sic
1434 1349 1528 1389 olim

166 1429 184 1460 3
202 1414 309 1464 apud
330 1413 593 1452 Athenienses
617 1413 736 1453 fuisse
762 1414 988 1465 reperimus.
1036 1428 1210 1464 namque
1229 1414 1322 1453 huic
1344 1414 1527 1462 Miltiadi,

204 1477 296 1528 quia
316 1479 493 1517 Athenas
518 1485 722 1529 totamque
750 1478 957 1518 Graeciam
983 1479 1176 1526 liberarat,
1199 1478 1286 1518 talis
1313 1480 1442 1518 honos
1468 1479 1530 1518 tri·
1551 1493 1590 1515 20

203 1543 320 1582 butus
355 1550 423 1590 est,
460 1542 500 1581 in
534 1543 697 1594 porticu,
734 1557 835 1595 quae
874 1544 1032 1583 Poecile
1065 1552 1237 1592 vocatur,
1273 1558 1364 1582 cum
1398 1558 1530 1595 pugna

203 1607 477 1659 depingeretur
508 1609 768 1657 Marathonia,
801 1617 844 1648 ut
873 1608 912 1647 in
942 1610 1082 1649 decem
1110 1617 1334 1660 praetorum
1363 1623 1528 1649 numero

202 1673 327 1724 prima
356 1673 439 1713 eius
469 1673 598 1724 imago
627 1682 838 1725 poneretur
866 1674 978 1725 isque
1006 1675 1225 1714 hortaretur
1250 1674 1393 1713 milites
1419 1689 1529 1725 proe-

165 1753 183 1782 4
202 1739 378 1790 liumque
394 1739 668 1779 committeret.
717 1739 822 1779 idem
845 1739 908 1779 ille
924 1741 1105 1790 populus,
1123 1748 1382 1790 posteaquam
1401 1739 1527 1778 maius

203 1804 410 1855 imperium
440 1812 498 1843 est
526 1813 664 1844 nactus
694 1812 732 1844 et
760 1804 964 1855 largitione
993 1804 1289 1855 magistratuum
1323 1812 1528 1855 corruptus
1549 1818 1586 1850 ²5

203 1878 272 1917 est,
295 1878 487 1909 trecentas
509 1878 655 1909 statuas
678 1870 882 1909 Demetrio
904 1871 1095 1909 Phale‘reo
1116 1869 1298 1909 decrevit.

160 1945 182 1984 7
259 1937 352 1974 Post
390 1936 466 1974 hoc
504 1935 696 1986 proelium
736 1936 899 1974 classem
946 1947 1028 1973 Lxx
1068 1934 1226 1973 navium
1265 1935 1528 1974 Athenienses

203 2000 331 2039 eidem
362 1999 533 2039 Miltiadi
557 2001 761 2047 dederunt,
784 2007 826 2038 ut
850 1999 1007 2046 insulas,
1031 2014 1132 2050 quae
1159 2000 1346 2038 barbaros
1372 1999 1528 2038 adiuve-

203 2073 298 2113 rant,
332 2066 435 2104 bello
465 2073 770 2116 persequeretur.
830 2079 908 2115 quo
938 2064 1102 2115 imperio
1131 2067 1336 2115 plerasque
1369 2065 1420 2103 ad
1449 2065 1529 2103 offi-

168 2146 183 2167 2
204 2129 309 2169 cium
330 2130 455 2170 redire
475 2129 613 2181 coegit,
636 2131 845 2169 nonnullas
866 2129 902 2167 vi
924 2129 1168 2180 expugnavit.
1228 2144 1274 2168 ex
1298 2129 1357 2167 his
1384 2131 1525 2168 Parum
1545 2143 1588 2174 30

204 2195 371 2234 insulam
389 2195 530 2246 opibus
546 2197 687 2234 elatam
709 2208 799 2233 cum
817 2194 992 2234 oratione
1008 2193 1258 2233 reconciliare
1279 2208 1359 2232 non
1380 2201 1524 2244 posset,

248 2310 268 2329 2
292 2304 357 2337 teg.
379 2299 433 2330 alt.
454 2299 484 2331 θ’
619 2309 658 2329 10
681 2299 722 2329 ad
739 2308 800 2329 eos
811 2298 901 2329 Dan.
918 2309 925 2328 z
951 2299 1103 2338 adeoque
1121 2308 1180 2328 eos
1196 2296 1304 2327 Halm
1374 2298 1526 2337 adeoque

204 2347 346 2382 perterr.
374 2353 438 2373 om.
465 2341 498 2372 P
586 2345 843 2382 perterruerunt
867 2341 909 2371 M
924 2341 1032 2371 Halm
1179 2351 1216 2371 12
1240 2341 1372 2371 exstitit
1395 2339 1527 2372 Halm:

205 2390 257 2416 est
272 2385 324 2416 his
342 2386 435 2427 (hiis)
454 2385 543 2416 AP:
567 2390 618 2417 est
629 2386 774 2427 plerique
909 2395 946 2424 17
973 2384 1134 2425 Romani]
1154 2383 1260 2415 nostri
1276 2383 1381 2415 BMR
1485 2394 1527 2415 20

203 2429 284 2468 quid
302 2428 391 2461 Dan.
411 2439 418 2460 ι
443 2429 500 2469 qui
518 2428 612 2460 MRu
745 2439 788 2469 29
810 2439 876 2468 quo
895 2428 928 2458 in
951 2427 1091 2468 imperio
1114 2427 1213 2460 Fleck.
