1746 2740
687 131 1030 172 ALCIBIADES
1462 130 1561 169 VII.
1580 140 1612 168 v

188 241 350 282 nuntios
391 241 631 293 colloquitur
672 249 711 282 et
753 242 805 281 de
842 240 971 281 reditu
1015 253 1089 280 suo
1130 239 1223 279 facit
1267 238 1523 279 mentionem.

188 315 270 347 erat
304 306 411 347 enim
445 308 588 347 eodem
617 320 699 358 quo
727 306 958 346 Alcibiades
992 318 1123 354 sensu,
1154 303 1291 357 populi
1324 303 1526 356 potentiae

187 386 270 412 non
313 372 465 412 amicus
507 380 547 412 et
589 372 841 424 optimatium
884 373 1023 411 fautor.
1092 371 1144 411 ab
1187 372 1264 410 hoc
1312 369 1524 410 destitutus
1545 392 1564 421 4

187 438 359 491 primum
397 452 467 490 per
503 438 809 489 Thrasybulum,
851 437 948 489 Lyci
993 436 1129 484 filium,
1169 437 1221 476 ab
1259 435 1432 476 exercitu
1469 449 1525 475 re-

150 521 168 554 5
187 504 330 556 cipitur
377 511 613 556 praetorque
659 505 704 543 fit
755 505 864 555 apud
917 505 1093 552 Samum,
1142 510 1233 554 post
1285 503 1523 553 suffragante

187 572 438 610 Theramene
464 569 601 621 populi
631 569 731 609 scito
759 569 975 609 restituitur
1003 568 1167 620 parique
1189 568 1334 608 absens
1358 567 1524 618 imperio

187 635 410 687 praeficitur
443 634 559 674 simul
589 648 680 674 cum
710 635 961 686 Thrasybulo
994 642 1033 674 et
1062 635 1325 674 Theramene.
1381 635 1522 673 horum
1544 647 1562 679 5

187 700 229 740 in
265 700 432 751 imperio
471 708 580 740 tanta
618 700 879 741 commutatio
913 714 1042 740 rerum
1076 701 1179 740 facta
1217 707 1287 749 est,
1323 707 1366 739 ut
1404 700 1525 739 Lace-

189 765 400 813 daemonii,
440 765 508 817 qui
555 767 675 817 paulo
721 773 814 805 ante
860 765 1028 805 victores
1071 765 1285 817 viguerant,
1332 764 1522 817 perterriti

131 846 171 869 10
188 844 327 882 pacem
348 838 536 882 peterent.
594 831 687 870 victi
707 831 814 871 enim
834 838 945 871 erant
965 830 1142 882 quinque
1162 830 1320 883 proeliis
1341 831 1524 871 terrestri-

189 897 274 945 bus,
291 896 419 936 tribus
434 896 652 945 navalibus,
670 897 710 936 in
731 897 876 948 quibus
892 898 1085 936 ducentas
1101 910 1221 936 naves
1235 897 1411 937 triremes
1430 897 1525 937 ami-

187 970 328 1010 serant,
350 975 452 1013 quae
472 970 610 1014 captae
635 962 675 1001 in
702 962 877 1002 hostium
898 970 1087 1002 venerant
1111 970 1360 1014 potestatem.
1420 963 1525 1003 Alci-
1542 974 1562 1006 6

187 1027 324 1067 biades
351 1027 467 1067 simul
491 1042 583 1067 curn
603 1028 764 1080 collegis
784 1036 984 1080 receperat
1006 1028 1173 1076 Ioniam,
1199 1030 1520 1080 Hellespontum,

189 1095 331 1132 multas
369 1102 569 1144 praeterea
607 1094 724 1133 urbes
759 1095 941 1142 Graecas,
977 1107 1079 1145 quae
1117 1094 1158 1133 in
1192 1107 1260 1133 ora
1297 1094 1395 1134 sitae
1433 1102 1523 1134 sunt

133 1172 167 1204 15
189 1158 307 1198 Asiae
336 1172 502 1210 quarum
534 1168 804 1211 expugnarant
838 1161 1078 1211 complures,
1105 1160 1146 1198 in
1181 1160 1241 1199 his
1277 1161 1521 1211 Byzantium,

189 1238 318 1276 neque
357 1224 486 1264 minus
521 1227 664 1264 multas
702 1225 868 1265 consilio
905 1227 957 1265 ad
998 1225 1213 1265 amicitiam
1251 1225 1520 1274 adiunxerant,

188 1292 297 1342 quod
327 1290 367 1330 in
396 1299 533 1342 captos
564 1291 774 1331 clementia
803 1292 957 1330 fuerant
986 1291 1056 1330 usi.
1116 1291 1170 1331 ita
1204 1293 1350 1343 praeda
1376 1292 1520 1340 onusti,
1543 1303 1559 1339 7

188 1358 428 1408 locupletato
461 1356 643 1404 exercitu,
681 1356 861 1396 maximis
895 1357 1012 1397 rebus
1046 1357 1164 1408 gestis
1198 1358 1378 1397 Athenas
1407 1371 1522 1398 vene-

188 1431 288 1462 runt.

129 1506 171 1528 κο
243 1488 320 1528 His
340 1503 430 1529 cum
452 1489 610 1530 obviam
630 1489 812 1529 universa
826 1488 962 1528 civitas
983 1488 1022 1528 in
1040 1488 1220 1528 Piraeum
1234 1489 1516 1538 descendisset,
1536 1495 1564 1534 6

188 1561 295 1593 tanta
315 1554 386 1593 fuit
406 1555 585 1594 omnium
606 1554 847 1607 exspectatio
867 1553 1020 1594 visendi
1040 1553 1269 1601 Alcibiadis,
1292 1562 1336 1594 ut
1363 1555 1415 1594 ad
1435 1554 1519 1594 eius

187 1619 383 1659 triremem
405 1622 542 1672 vulgus
572 1622 800 1667 conflueret,
824 1620 991 1672 proinde
1019 1633 1066 1659 ac
1093 1619 1125 1659 si
1151 1621 1259 1659 solus
1284 1621 1519 1661 advenisset.

187 1685 243 1725 sic
272 1686 377 1725 enim
407 1690 557 1739 populo
586 1696 667 1728 erat
697 1702 939 1740 persuasum,
962 1696 1001 1727 et
1029 1688 1214 1740 adversas
1243 1686 1463 1738 superiores
1483 1695 1522 1739 et
1542 1704 1559 1728 ο

188 1760 412 1810 praesentes
443 1755 638 1793 secundas
672 1768 733 1794 res
770 1754 962 1794 accidisse
1000 1753 1085 1793 eius
1124 1766 1253 1804 opera.
1312 1753 1446 1804 itaque
1482 1760 1521 1793 et

130 1831 168 1863 25
189 1816 342 1856 Siciliae
361 1818 549 1857 amissum
571 1827 610 1858 et
629 1807 1037 1859 Lacedaemoniorum
1060 1818 1242 1858 victorias
1267 1819 1407 1870 culpae
1427 1832 1521 1859 suae

187 1882 423 1931 tribuebant,
445 1885 555 1934 quod
576 1886 693 1924 talem
714 1884 839 1924 virum
861 1898 883 1924 e
903 1884 1061 1924 civitate
1082 1883 1332 1935 expulissent.
1391 1897 1522 1935 neque

188 1947 227 1987 id
248 1947 332 1987 sine
351 1962 470 1988 causa
489 1949 663 1989 arbitrari
686 1950 931 1990 videbantur.
993 1964 1085 1990 nam
1102 1958 1313 2002 postquam
1334 1950 1519 1990 exercitui

187 2027 365 2064 praeesse
385 2024 579 2066 coeperat,
602 2030 731 2067 neque
752 2025 852 2056 terra
872 2031 1002 2068 neque
1022 2017 1119 2056 mari
1146 2018 1280 2056 hostes
1300 2029 1412 2067 pares
1432 2030 1518 2056 esse

186 2087 404 2130 potuerant.
463 2080 527 2120 hic
556 2089 598 2120 ut
627 2095 649 2120 e
678 2081 767 2120 navi
796 2095 973 2133 egressus
1002 2090 1071 2130 est,
1101 2095 1343 2133 quamquam
1373 2082 1517 2121 Thera·
1537 2095 1555 2126 3

129 2160 169 2191 30
188 2158 323 2184 menes
351 2153 390 2184 et
419 2147 690 2198 Thrasybulus
718 2147 867 2187 eisdem
898 2149 1015 2187 rebus
1045 2149 1292 2199 praefuerant
1322 2147 1518 2198 simulque

187 2218 373 2250 venerant
403 2210 442 2249 in
474 2211 666 2260 Piraeum,
690 2219 822 2252 tamen
853 2226 976 2252 unum
1006 2226 1146 2253 omnes
1176 2215 1286 2253 illum
1311 2226 1520 2265 proseque-

230 2324 251 2353 3
273 2315 475 2356 optimatum
487 2314 624 2366 BMPR
741 2328 774 2366 ‘4
801 2316 904 2367 Lycei
921 2316 1011 2348 Dan.
1032 2317 1167 2348 ABPR
1297 2320 1320 2350 6
1343 2319 1521 2360 plebiscito

187 2356 933 2444 ssss's'ssqueba„{3sfflfffilfffgzsszssfflssssd.
1063 2361 1283 2401 ‘'⁰³¹⁰''¹⁰“²⁵
1299 2363 1329 2395 ς
1475 2374 1513 2403 ³¹
