1746 2740
699 140 1001 180 HANNIBAL
1371 136 1530 174 XXIII.
1553 135 1600 172 vi

184 269 275 295 cum
310 256 453 295 eodem
485 253 659 295 conflixit
674 269 685 303 3
723 254 861 307 pulsus
890 249 1139 302 <incredibile
1167 248 1295 299 dictu)
1323 247 1448 287 biduo
1477 255 1515 286 et

183 321 339 360 duabus
378 319 562 360 noctibus
602 319 899 358 Hadrumetum
936 314 1126 368 pervenit,
1166 314 1278 366 quod
1315 313 1427 352 abest
1463 311 1516 350 ab

183 387 303 425 Zama
329 385 480 425 circiter
504 384 610 424 milia
636 396 823 435 passuum
849 389 1035 421 trecenta.
1092 380 1133 420 in
1160 381 1235 419 hac
1260 379 1352 429 suga
1378 376 1516 418 Numi-
1534 387 1556 419 4

183 451 269 499 dae,
300 449 367 501 qui
397 449 513 488 simul
542 463 632 488 cum
663 462 712 487 eo
745 462 793 486 ex
819 446 905 486 acie
933 453 1190 494 excesserant,
1221 442 1396 483 insidiati
1424 450 1516 482 sunt

147 532 165 564 5
183 515 231 563 ei,
271 528 372 566 quos
410 528 491 554 non
529 515 658 553 solum
696 512 844 563 effugit,
884 512 956 551 sed
995 510 1116 550 etiam
1158 509 1268 562 ipsos
1307 507 1513 561 oppressit.

185 579 425 619 Hadrumeti
451 579 622 630 reliquos
647 591 670 617 e
698 578 791 628 fuga
817 576 988 628 collegit,
1006 575 1121 616 novis
1138 574 1351 616 dilectibus
1378 573 1516 625 paucis

183 644 325 684 diebus
346 645 490 684 multos
510 642 713 683 contraxit.

238 710 342 749 Cum
377 709 415 748 in
449 710 679 760 apparando
715 707 904 748 acerrime
941 714 1045 747 esset
1081 713 1309 758 occupatus,
1346 706 1514 744 Kartha·
1532 715 1556 756 7

183 773 380 826 ginienses
411 774 559 812 bellum
580 787 671 812 cum
692 772 888 813 Romanis
916 779 1237 823 composuerunt.
1295 770 1362 810 ille
1389 770 1514 809 nihilo

128 855 167 879 ιο
185 839 306 879 setius
350 838 537 879 exercitui
574 845 713 890 postea
748 837 916 890 praefuit
959 850 1101 888 resque
1138 836 1179 875 in
1217 835 1352 875 Africa
1395 834 1517 886 gessit

187 902 379 957 [itemque
410 906 532 955 Mago
560 904 676 943 frater
703 901 806 957 eius]
826 916 952 954 usque
980 903 1032 942 ad
1058 903 1097 941 P.
1120 900 1340 952 Sulpicium
1369 901 1414 941 G.
1436 901 1518 939 Au-

186 969 324 1009 relium
365 971 559 1009 consules.
622 969 684 1008 his
721 968 828 1008 enim
867 967 1157 1019 magistratibus
1194 965 1313 1018 legati
1350 967 1518 1005 Kartha·
1539 979 1554 1000 2

185 1034 382 1086 ginienses
404 1037 577 1075 Romam
597 1042 800 1082 venerunt,
818 1033 887 1085 qui
906 1032 1060 1073 senatui
1078 1033 1310 1084 populoque
1330 1033 1518 1070 Romano

185 1100 327 1150 gratias
356 1107 526 1151 agerent,
548 1100 658 1150 quod
686 1112 779 1138 cum
808 1098 856 1137 iis
883 1111 1023 1150 pacem
1048 1097 1248 1146 fecissent,
1267 1096 1320 1136 ob
1349 1109 1518 1148 eamque

130 1177 167 1211 ¹5
187 1177 269 1203 rem
316 1177 464 1203 corona
501 1177 620 1203 aurea
663 1177 732 1203 eos
771 1164 966 1203 donarent
1009 1162 1207 1214 simulque
1243 1169 1435 1214 peterent,
1473 1168 1519 1201 ut

186 1229 347 1269 obsides
366 1243 504 1269 eorum
527 1228 713 1280 Fregellis
736 1236 868 1268 essent
887 1228 1112 1280 captivique
1131 1228 1399 1268 redderentur.
1455 1226 1519 1266 his
1538 1241 1556 1271 3

187 1307 235 1333 ex
262 1304 421 1334 senatus
450 1295 633 1334 consulto
658 1307 892 1345 responsum
912 1301 994 1342 estu:
1025 1307 1170 1332 munus
1197 1306 1336 1332 eorum
1363 1298 1518 1343 gratum

185 1368 474 1412 acceptumque
511 1373 623 1408 esse;
664 1359 836 1407 obsides,
870 1372 952 1410 quo
990 1360 1080 1399 loco
1117 1366 1310 1409 rogarent,
1342 1359 1520 1407 futuros;

187 1425 363 1477 captivos
401 1438 482 1464 non
515 1424 760 1473 remissuros,
789 1425 900 1475 quod
932 1423 1214 1472 Hannibalem,
1249 1423 1362 1464 cuius
1399 1436 1520 1475 opera

130 1507 172 1529 πο
189 1498 415 1541 susceptum
446 1491 595 1530 bellum
633 1491 744 1538 soret,
780 1488 1516 1549 iQQnQQQ

189 1555 416 1595 etiamnunc
435 1569 526 1595 cum
548 1555 713 1606 imperio
742 1556 851 1606 apud
880 1554 1094 1595 exercitum
1123 1555 1315 1594 haberent
1342 1553 1519 1605 itemque

188 1622 344 1660 fratrem
392 1620 476 1660 eius
525 1622 753 1671 Magonem.
813 1620 890 1658 hoc
932 1632 1123 1670 responso
1167 1618 1519 1669 Karthaginienses
1538 1635 1560 1664 4

188 1686 347 1736 cognito
370 1685 640 1725 Hannibalem
661 1686 827 1724 domum
847 1693 887 1724 et
907 1686 1124 1736 Magonem
1148 1691 1391 1724 revocarunt.
1439 1683 1521 1723 huc

189 1760 231 1790 ut
270 1751 394 1798 rediit,
430 1759 585 1802 praetor
622 1752 747 1790 sactus
784 1758 855 1798 est,
890 1758 1101 1801 postquam
1138 1764 1206 1788 rex
1241 1751 1378 1798 fuerat,
1411 1762 1521 1788 anno

132 1831 170 1862 25
190 1817 367 1854 secundo
386 1824 425 1854 et
445 1815 656 1855 vicesimo:
686 1824 728 1854 ut
748 1815 855 1854 enim
886 1816 1040 1854 Romae
1059 1816 1254 1867 consules,
1276 1814 1334 1853 sic
1355 1815 1521 1853 Kartha-

189 1880 279 1929 gine
310 1879 523 1930 quotannis
554 1880 676 1919 annui
702 1880 785 1919 bini
816 1893 925 1931 reges
956 1880 1200 1919 creabantur.
1255 1878 1295 1918 in
1321 1892 1372 1918 eo
1402 1879 1523 1931 magi·
1542 1892 1559 1924 5

190 1953 311 1983 stratu
331 1944 412 1996 pari
432 1944 634 1995 diligentia
649 1958 691 1984 se
708 1944 914 1983 Hannibal
929 1944 1119 1996 praebuit,
1134 1958 1180 1983 ac
1195 1945 1320 1983 fuerat
1339 1943 1381 1983 in
1402 1944 1518 1984 bello.

190 2022 362 2060 namque
393 2009 522 2049 effecit
555 2023 602 2049 ex
635 2009 748 2049 novis
781 2009 1037 2060 vectigalibus
1068 2022 1150 2048 non
1183 2011 1312 2048 solum
1344 2017 1388 2049 ut
1416 2018 1521 2049 esset

192 2074 372 2126 pecunia,
399 2088 501 2125 quae
532 2074 725 2113 Romanis
758 2088 806 2113 ex
834 2075 993 2113 foedere
1022 2075 1270 2125 penderetur,
1299 2075 1372 2114 sed
1399 2074 1519 2113 etiam

131 2154 175 2186 30
192 2148 423 2190 superesset,
445 2153 547 2190 quae
573 2139 614 2178 in
639 2139 788 2179 aerario
817 2147 1080 2190 reponeretur.
1138 2140 1286 2179 deinde
1303 2153 1411 2179 anno
1431 2147 1521 2190 post
1540 2147 1558 2177 (ι

192 2213 412 2256 praeturam
452 2206 507 2243 M.
542 2205 713 2244 Claudio
748 2206 790 2243 L.
825 2204 943 2244 Furio
974 2204 1204 2244 consulibus
1236 2207 1368 2244 Roma
1405 2205 1521 2255 legati

234 2318 255 2348 3
287 2319 445 2349 passuum
473 2309 555 2341 Can.
586 2313 615 2341 et
638 2309 842 2341 Ammius:
875 2319 996 2350 passus
1028 2309 1092 2342 rell.
1244 2321 1278 2340 ιι
1307 2310 1467 2350 itemque.
1486 2334 1494 2342 .
1510 2335 1518 2343 .

190 2352 263 2383 eius
278 2353 350 2384 incl.
370 2352 493 2384 Bosius
631 2364 672 2392 24
698 2363 758 2384 rex
776 2353 884 2384 factus
900 2358 951 2384 est
969 2359 1147 2393 postquam
1165 2360 1301 2393 praetor
1320 2355 1522 2395 (imperator

190 2393 302 2436 Nupp.)
320 2395 499 2437 Heusinger
633 2406 672 2436 31
702 2402 892 2437 praeturam
910 2396 967 2428 dei.
986 2397 1171 2438 Heusinger

1394 2453 1431 2482 7*
