1746 2740
686 147 745 186 TI
751 147 992 187 MOLEON
1440 146 1532 185 XX.
1552 156 1584 183 v

167 265 299 298 serant
334 271 459 298 casus.
517 272 610 298 nam
647 259 797 311 proelia
833 259 1005 299 maxima
1040 259 1162 299 natali
1199 272 1273 299 suo
1310 257 1377 298 die
1409 256 1502 297 fecit

167 323 313 372 omnia,
335 337 416 375 quo
435 325 583 364 sactum
603 333 663 364 est
682 332 725 364 ut
744 324 828 364 eius
847 324 954 364 diem
975 326 1147 364 natalem
1167 326 1311 364 festum
1338 323 1502 363 haberet

166 388 349 428 universa
377 389 519 429 Sicilia.
578 389 670 429 huic
696 390 859 441 quidam
891 390 1142 442 Laphystius,
1169 391 1293 429 homo
1319 390 1500 442 petulans
1521 402 1538 426 2

167 462 206 493 et
235 453 419 505 ingratus,
450 455 723 495 vadimonium
752 469 843 495 cum
873 457 991 495 vellet
1019 455 1236 507 imponere,
1267 455 1378 507 quod
1408 467 1501 494 cum

129 533 148 566 5
167 518 235 558 illo
264 533 306 558 se
335 521 420 571 lege
448 534 562 571 agere
592 520 751 568 diceret,
782 528 822 560 et
850 522 1076 572 complures
1104 519 1405 568 concurrissent,
1433 518 1502 571 qui

167 584 447 636 procacitatem
478 585 650 625 hominis
679 585 863 625 manibus
892 600 1075 626 coercere
1100 593 1347 634 conarentur,
1369 584 1503 624 Timo-

168 651 259 690 leon
280 650 403 689 oravit
423 665 574 700 omnes,
596 665 647 691 ne
667 651 709 691 id
729 653 912 691 facerent.
971 665 1146 704 namque
1164 651 1206 692 id
1226 658 1269 691 ut
1285 649 1503 703 Laphystio

167 723 206 754 et
243 714 367 754 cuivis
404 715 549 765 liceret,
589 730 631 756 se
670 717 862 757 maximos
900 717 1055 757 labores
1093 730 1328 768 summaque
1371 716 1502 756 adisse

167 779 349 831 pericula.
409 782 512 821 hanc
541 781 647 821 enim
678 782 852 834 speciem
886 782 1078 822 libertatis
1111 796 1208 830 esse,
1234 781 1267 822 si
1300 781 1499 830 omnibus,

110 862 149 885 10
167 846 276 896 quod
305 845 474 898 quisque
502 849 630 896 vellet,
661 848 814 899 legibus
843 847 1006 900 experiri
1036 847 1182 887 liceret.
1254 846 1373 896 idem,
1408 861 1499 887 cum
1519 861 1539 893 3

166 911 330 962 quidam
351 912 559 963 Laphystii
578 913 726 961 similis,
749 913 911 954 nomine
942 915 1224 962 Demaenetus,
1245 912 1286 952 in
1313 912 1501 952 contione

167 977 302 1029 populi
323 979 374 1017 de
394 980 511 1018 rebus
529 979 648 1030 gestis
678 980 762 1020 eius
791 981 996 1020 detrahere
1016 978 1213 1030 coepisset
1237 992 1286 1018 ac
1308 979 1501 1018 nonnulla

167 1042 415 1083 inveheretur
440 1045 480 1084 in
507 1046 772 1094 Timoleonta,
794 1045 893 1086 dixit
915 1059 1023 1084 nunc
1050 1046 1214 1084 demum
1241 1057 1284 1083 se
1306 1043 1388 1084 voti
1413 1058 1500 1084 esse

166 1109 423 1149 damnatum:
457 1125 630 1163 namque
658 1113 735 1150 hoc
763 1125 787 1150 a
814 1110 889 1150 diis
918 1109 1206 1150 immortalibus
1235 1123 1391 1160 semper
1418 1123 1501 1161 pre-

113 1190 148 1222 15
166 1182 311 1223 catum,
343 1173 386 1214 u't
413 1178 531 1216 talem
559 1176 779 1216 libertatem
804 1175 1023 1215 restitueret
1056 1173 1320 1226 Syracusanis,
1351 1173 1393 1213 in
1421 1188 1501 1226 qua

167 1239 290 1280 cuivis
311 1241 443 1281 liceret
463 1244 515 1282 de
535 1256 616 1294 quo
635 1244 753 1282 vellet
773 1241 936 1293 impune
951 1240 1094 1281 dicere.

222 1305 304 1345 Hic
330 1320 421 1346 cum
451 1307 557 1347 diem
585 1321 813 1359 supremum
841 1306 1001 1355 obisset,
1022 1305 1183 1357 publice
1201 1319 1225 1345 a
1245 1305 1498 1356 Syracusanis
1518 1322 1539 1353 4

165 1369 205 1409 in
224 1372 439 1422 gymnasio,
458 1374 567 1425 quod
588 1373 912 1413 Timoleonteum
923 1373 1154 1424 appellatur,
1171 1378 1255 1412 tota
1274 1371 1498 1411 celebrante

164 1434 295 1476 Sicilia
314 1439 491 1489 sepultus
511 1446 580 1478 est.

107 1578 146 1600 20
218 1563 275 1603 Hi
295 1565 374 1605 sere
400 1567 557 1606 fuerunt
585 1567 760 1606 Graecae
786 1565 912 1618 gentis
932 1566 1066 1614 duces,
1088 1563 1157 1616 qui
1176 1563 1367 1604 memoria
1386 1563 1494 1616 digni
1514 1573 1532 1601 1

162 1627 379 1679 videantur,
411 1639 564 1682 praeter
593 1646 729 1683 reges:
767 1645 942 1682 namque
965 1645 1034 1671 eos
1061 1630 1253 1682 attingere
1281 1629 1493 1678 noluimus,

162 1696 271 1744 quod
302 1695 480 1735 omnium
520 1711 581 1736 res
617 1704 750 1748 gestae
788 1696 997 1748 separatim
1031 1703 1122 1735 sunt
1152 1697 1306 1735 relatae.
1365 1708 1496 1746 neque

163 1766 296 1799 tamen
334 1761 360 1800 ii
398 1763 617 1802 admodum
657 1770 747 1801 sunt
785 1761 909 1801 multi.
983 1760 1324 1800 Lacedaemonius
1360 1767 1494 1800 autem
1516 1775 1533 1798 2

163 1824 369 1875 Agesilaus
384 1826 558 1875 nomine,
573 1840 655 1866 non
669 1834 863 1878 potestate
875 1826 948 1866 fuit
961 1839 1036 1874 reX‚
1053 1825 1154 1865 sicut
1169 1824 1286 1865 ceteri
1301 1825 1493 1877 Spartani.

105 1899 141 1932 ²5
163 1903 209 1928 ex
225 1890 270 1930 iis
283 1905 387 1939 vere,
401 1891 469 1943 qui
489 1891 739 1932 dominatum
755 1891 921 1943 imperio
937 1898 1158 1938 tenuerunt,
1177 1889 1495 1930 excellentissimi

161 1955 328 2004 fuerunt,
368 1964 411 1996 ut
449 1971 522 1996 nos
560 1957 794 2005 iudicamus,
835 1959 1039 1996 Persarum
1080 1957 1206 2007 Cyrus
1251 1963 1292 1995 et
1337 1955 1492 2004 Darius,

163 2021 353 2072 Hystaspi
374 2021 487 2070 filius,
509 2035 678 2073 quorum
705 2030 870 2073 uterque
890 2021 1062 2072 privatus
1082 2021 1224 2061 virtute
1248 2034 1411 2072 regnum
1432 2028 1494 2061 est

159 2086 337 2136 adeptus.
397 2086 502 2137 prior
530 2087 672 2126 horum
701 2087 808 2137 apud
835 2087 1078 2136 Massagetas
1097 2085 1137 2124 in
1164 2086 1315 2137 proelio
1334 2085 1488 2134 cecidit,

162 2150 304 2189 Darius
327 2158 530 2191 senectute
550 2150 656 2191 diem
673 2150 772 2191 obiit
791 2164 1030 2202 supremum.
1090 2158 1167 2190 tres
1179 2158 1271 2190 sunt
1291 2158 1491 2202 praeterea
1510 2161 1529 2193 3

202 2264 223 2294 3
250 2255 458 2296 Laphystius
475 2253 677 2296 Longolt'ns:
705 2255 886 2286 Lamistius
902 2255 934 2286 A
942 2254 1060 2286 BPRu
1216 2264 1254 2293 ¹4
1276 2254 1489 2296 damnatum]

159 2303 347 2338 compotem
371 2297 446 2330 MR
602 2298 695 2329 Haec
718 2299 824 2339 capita
844 2299 879 2330 in
903 2299 991 2329 libris
1012 2298 1100 2329 uitae
1126 2297 1337 2330 Timoleontis
1359 2296 1490 2330 adnexa

153 2341 289 2381 primus
313 2342 456 2373 seiunxit
477 2341 605 2374 Caelius
627 2341 726 2373 Curio
891 2352 934 2373 20
957 2342 1109 2373 Graecae
1136 2352 1159 2372 u
1185 2344 1215 2372 et
1236 2340 1310 2374 dett.
1341 2342 1488 2383 aliquot:

158 2385 316 2422 graeciae
332 2385 506 2416 ABMPR
636 2395 678 2425 27
705 2384 859 2426 Hirtapsi
874 2384 983 2425 fflyr·
1000 2385 1085 2426 AB)
1102 2383 1207 2416 ABP
