1746 2740
153 111 240 149 XV.
262 109 310 148 iii
634 107 888 149 CORNELI
919 107 1159 148 NEPOTIS

236 235 323 262 rum
349 221 390 262 in
410 235 452 262 se
472 221 622 262 tuendo
642 220 766 260 caruit
788 205 1052 268 facultatibus,
1074 220 1153 260 fide
1171 220 1223 259 ad
1242 219 1340 259 alios
1359 219 1565 259 sublevan-

237 290 311 329 dos
344 301 462 339 saepe
495 287 550 327 sic
583 300 678 326 usus
711 294 783 335 est,
816 293 860 326 ut
893 285 1056 326 iudicari
1089 284 1213 337 possit
1245 284 1381 325 omnia
1407 284 1444 324 ei
1471 298 1564 324 cum

198 368 215 400 5
237 353 373 394 amicis
411 353 531 393 fuisse
568 352 807 392 communia.
864 365 958 392 nam
995 365 1087 391 cum
1124 358 1192 391 aut
1224 350 1369 390 civium
1403 363 1563 390 suorum

237 418 377 471 aliquis
409 419 461 458 ab
494 417 674 457 hostibus
707 424 810 457 esset
843 424 981 468 eaptus
1017 424 1085 456 aut
1118 416 1228 467 virgo
1264 414 1380 455 amici
1418 414 1564 455 nubilis

238 498 340 537 quae
368 491 526 536 propter
554 490 826 535 paupertatem
855 481 1039 522 collocari
1065 495 1147 521 non
1174 489 1318 533 posset,
1345 480 1562 521 amicorum
1583 493 1601 526 5

237 549 445 589 consilium
475 549 648 587 habebat
677 555 727 596 et,
749 555 942 599 quantum
968 547 1135 599 quisque
1161 548 1282 594 daret,
1308 560 1380 598 pro
1406 547 1565 586 faculta-

198 623 218 655 6
237 614 341 653 tibus
362 613 591 665 imperabat.
640 625 809 663 eamque
829 626 1025 652 summam
1045 626 1138 651 curn
1158 613 1313 660 fecerat,
1335 611 1563 663 priusquam

236 679 430 730 acciperet
467 677 689 730 pecuniam,
728 678 955 717 adducebat
993 691 1097 725 eum,
1138 676 1206 727 qui
1247 676 1473 728 quaerebat,
1511 676 1565 715 ad

237 758 319 793 eos,
339 744 407 796 qui
429 743 697 791 conferebant,
719 743 836 794 eique
865 750 908 782 ut
936 742 1011 794 ipsi
1040 749 1291 782 numerarent
1317 741 1498 789 faciebat,
1520 748 1563 780 ut

237 809 312 858 ille,
343 811 394 849 ad
427 822 547 860 quem
581 823 628 848 ea
660 822 720 848 res
753 808 1019 860 perveniebat,
1050 807 1165 847 sciret
1194 814 1387 859 quantum
1421 806 1564 858 cuique
1587 821 1624 845 ιο

237 875 413 914 deberet.

191 949 218 988 4
291 929 461 979 Tentata
488 947 622 979 autem
651 939 734 979 eius
764 946 822 979 est
848 939 1087 979 abstinentia
1109 953 1133 979 a
1161 939 1431 979 Diomedonte
1455 938 1564 990 Cyzi-

237 1018 361 1044 ceno:
404 1018 577 1056 namque
614 1004 646 1043 is
684 1012 820 1055 rogatu
853 1004 1076 1044 Artaxerxis
1109 1004 1208 1056 regis
1243 1004 1563 1055 Epaminondam

237 1069 405 1122 pecunia
433 1071 766 1121 corrumpendum
796 1077 1032 1120 susceperat.
1089 1069 1154 1108 hic
1180 1083 1325 1120 magno
1350 1084 1441 1109 cum
1469 1083 1564 1121 pon-

236 1135 329 1174 dere
348 1134 431 1174 auri
450 1135 611 1174 Thebas
631 1134 738 1191 venit
757 1142 796 1174 et
824 1134 1048 1185 Micythum
1075 1136 1429 1183 adulescentulum,
1452 1135 1563 1186 quin·
1586 1148 1622 1180 ¹5

235 1213 313 1250 que
333 1199 487 1239 talentis
513 1201 564 1239 ad
593 1213 705 1239 suam
734 1199 915 1251 perduxit
935 1201 1178 1239 voluntatem
1202 1214 1321 1251 quem
1349 1208 1433 1240 tum
1462 1202 1562 1251 Epa-

235 1265 445 1304 minondas
483 1265 695 1316 plurimum
732 1265 947 1316 diligebat·
999 1265 1200 1316 Micythus
1239 1266 1560 1317 Epaminondam

196 1346 214 1370 ο
234 1330 418 1369 convenit
457 1338 495 1369 et
533 1344 692 1369 causam
729 1332 923 1370 adventus
963 1330 1244 1370 Diomedontis
1277 1331 1462 1371 ostendit.
1519 1339 1560 1370 at

234 1393 299 1433 ille
330 1394 590 1434 Diomedonti
623 1408 756 1434 coram
788 1395 928 1434 ‘nihil'
957 1395 1085 1446 inquit
1117 1399 1238 1446 ‘opus
1271 1396 1439 1447 pecunia
1473 1404 1558 1436 est:

233 1472 326 1498 nam
353 1459 385 1498 si
405 1473 471 1499 rex
493 1473 540 1498 ea
559 1460 652 1507 vult,
674 1473 777 1510 quae
796 1460 1000 1499 Thebanis
1028 1468 1119 1500 sunt
1145 1460 1265 1508 utilia,
1286 1461 1404 1512 gratis
1431 1462 1559 1501 facere
1581 1474 1620 1497 20

233 1538 320 1564 sum
358 1532 526 1576 paratuS,
557 1524 618 1564 sin
650 1533 783 1564 autem
817 1525 1020 1574 contraria,
1056 1539 1138 1565 non
1172 1528 1291 1566 habet
1323 1527 1407 1566 auri
1439 1535 1558 1578 atque

231 1590 380 1642 argenti
400 1590 502 1629 satis.
562 1604 734 1641 namque
754 1590 860 1630 orbis
881 1599 1068 1630 terrarum
1089 1591 1244 1631 divitias
1267 1592 1445 1644 accipere
1465 1594 1559 1632 nolo

195 1673 212 1703 3
232 1669 303 1707 pro
341 1655 487 1706 patriae
524 1655 694 1695 caritate.
771 1663 814 1695 tu
856 1658 967 1708 quod
1008 1671 1072 1697 me
1110 1657 1355 1708 incognitum
1400 1657 1559 1697 tentasti

231 1720 367 1771 tuique
404 1720 573 1760 similem
611 1720 851 1769 existimasti,
892 1735 974 1761 non
1017 1722 1136 1762 miror
1177 1722 1328 1774 tibique
1371 1722 1558 1774 ignosco3

231 1786 301 1824 sed
334 1786 518 1836 egredere
556 1799 731 1837 propere,
768 1800 818 1826 ne
851 1787 949 1826 alios
983 1801 1221 1839 corrumpas,
1254 1801 1345 1827 cum
1379 1801 1443 1827 me
1476 1801 1558 1827 non
1579 1799 1618 1832 25

230 1850 413 1901 potueris.
473 1858 511 1890 et
532 1858 585 1899 tu,
610 1851 798 1902 Micythe‚
821 1859 1026 1903 argentum
1047 1852 1139 1891 huic
1160 1853 1296 1899 redde,
1314 1861 1393 1901 aut,
1416 1852 1489 1891 nisi
1518 1853 1559 1892 id

191 1932 211 1963 4
230 1916 439 1955 confestim
466 1916 571 1964 facis,
594 1930 667 1967 ego
691 1925 729 1956 te
759 1918 911 1956 tradam
942 1917 1205 1968 magistratui)
1262 1919 1368 1957 hunc
1399 1918 1559 1958 Diome-
1588 1917 1590 1919 ’

230 1982 312 2020 (1οη
345 1994 436 2020 curn
470 1989 632 2033 rogaret,
668 1989 711 2021 ut
745 1990 831 2022 tuto
869 1982 988 2022 exiret
1027 1996 1188 2034 suaque,
1224 1996 1326 2034 quae
1363 1985 1555 2031 attulerat,

229 2045 362 2085 liceret
395 2047 540 2094 efferre,
576 2047 702 2086 ‘istud
742 2047 927 2098 quidem’
962 2048 1089 2098 inquit
1121 2048 1295 2096 ‘faciam,
1327 2061 1457 2099 neque
1491 2056 1558 2088 tua

230 2123 359 2158 causa,
394 2112 465 2150 sed
500 2125 596 2159 mea,
634 2126 696 2159 ne,
732 2112 763 2151 si
797 2112 868 2151 tibi
902 2112 950 2151 sit
984 2112 1152 2163 pecunia
1184 2114 1380 2164 adempta,
1416 2113 1556 2164 aliquis
1578 2121 1617 2152 30

277 2224 290 2244 1
317 2214 424 2246 caruit
450 2214 535 2246 Mu:
569 2216 715 2247 caruerit
732 2215 881 2256 plerique
978 2215 1059 2257 fide]
1086 2215 1192 2247 isdem
1217 2215 1265 2247 M.
1294 2215 1435 2256 Haupt:
1467 2217 1555 2248 idem

230 2257 328 2298 Nt'pp.
477 2260 499 2289 6
522 2259 700 2290 concilium
726 2258 838 2290 Aldus
996 2270 1014 2300 7
1037 2259 1252 2299 potiusquam
1285 2259 1392 2291 Halm
1519 2270 1557 2299 13

231 2302 325 2374 regi?-
344 2302 469 2376 onuq‘?
622 2312 663 2342 23
688 2312 769 2343 prae
794 2302 963 2334 Puteanus
1130 2304 1173 2333 28
1196 2303 1291 2334 exire
1317 2302 1364 2334 ed.
1392 2303 1557 2335 Bm'xiana

231 2349 301 2376 attu
319 2350 400 2376 lsset
