<?xml version="1.0" encoding="UTF-8"?>
<!DOCTYPE html PUBLIC "-//W3C//DTD XHTML 1.0 Transitional//EN"
    "http://www.w3.org/TR/xhtml1/DTD/xhtml1-transitional.dtd">
<html xmlns="http://www.w3.org/1999/xhtml" xml:lang="en" lang="en">
 <head>
  <title>
</title>
<meta http-equiv="Content-Type" content="text/html;charset=utf-8" />
  <meta name='ocr-system' content='tesseract 3.04.00' />
  <meta name='ocr-capabilities' content='ocr_page ocr_carea ocr_par ocr_line ocrx_word'/>
</head>
<body>
  <div class='ocr_page' id='page_1' title='image "./vitaerecognovitb00nepouoft_0032.png"; bbox 0 0 1746 2740; ppageno 0'>
   <div class='ocr_carea' id='block_1_1' title="bbox 153 112 1167 153">
    <p class='ocr_par' dir='ltr' id='par_1_1' title="bbox 153 112 1167 153">
     <span class='ocr_line' id='line_1_1' title="bbox 153 112 1167 153; baseline -0.001 0"><span class='ocrx_word' id='word_1_1' title='bbox 153 115 223 153; x_wconf 91' lang='lat' dir='ltr'><strong>IV.</strong></span> <span class='ocrx_word' id='word_1_2' title='bbox 244 124 276 152; x_wconf 92' lang='lat' dir='ltr'>v</span> <span class='ocrx_word' id='word_1_3' title='bbox 634 113 887 153; x_wconf 91' lang='lat' dir='ltr'>CORNELI</span> <span class='ocrx_word' id='word_1_4' title='bbox 926 112 1167 152; x_wconf 91' lang='lat' dir='ltr'><strong>NEPOTIS</strong></span> 
     </span>
    </p>
   </div>
   <div class='ocr_carea' id='block_1_2' title="bbox 200 224 1569 278">
    <p class='ocr_par' dir='ltr' id='par_1_2' title="bbox 200 224 1569 278">
     <span class='ocr_line' id='line_1_2' title="bbox 200 224 1569 278; baseline -0.001 -12"><span class='ocrx_word' id='word_1_5' title='bbox 200 233 221 265; x_wconf 93' lang='lat'><strong>6</strong></span> <span class='ocrx_word' id='word_1_6' title='bbox 239 227 362 266; x_wconf 93' lang='lat' dir='ltr'><strong>modo</strong></span> <span class='ocrx_word' id='word_1_7' title='bbox 381 225 504 278; x_wconf 91' lang='lat' dir='ltr'><strong>magis</strong></span> <span class='ocrx_word' id='word_1_8' title='bbox 523 225 737 266; x_wconf 84' lang='lat' dir='ltr'>Pausanias</span> <span class='ocrx_word' id='word_1_9' title='bbox 756 225 1004 277; x_wconf 90' lang='lat' dir='ltr'><strong>perturbatus</strong></span> <span class='ocrx_word' id='word_1_10' title='bbox 1027 238 1137 265; x_wconf 90' lang='lat' dir='ltr'><strong>orare</strong></span> <span class='ocrx_word' id='word_1_11' title='bbox 1156 224 1298 276; x_wconf 91' lang='lat' dir='ltr'><strong>coepit,</strong></span> <span class='ocrx_word' id='word_1_12' title='bbox 1320 238 1371 265; x_wconf 90' lang='lat' dir='ltr'><strong>ne</strong></span> <span class='ocrx_word' id='word_1_13' title='bbox 1393 225 1569 265; x_wconf 87' lang='lat' dir='ltr'><strong>enuntia·</strong></span> 
     </span>
    </p>
   </div>
   <div class='ocr_carea' id='block_1_3' title="bbox 193 290 1567 1777">
    <p class='ocr_par' dir='ltr' id='par_1_3' title="bbox 237 290 1567 472">
     <span class='ocr_line' id='line_1_3' title="bbox 237 290 1567 342; baseline 0 -11"><span class='ocrx_word' id='word_1_14' title='bbox 237 298 296 331; x_wconf 91' lang='lat' dir='ltr'><strong>ret</strong></span> <span class='ocrx_word' id='word_1_15' title='bbox 321 305 399 331; x_wconf 89' lang='lat' dir='ltr'><strong>neu</strong></span> <span class='ocrx_word' id='word_1_16' title='bbox 427 304 470 331; x_wconf 85' lang='lat' dir='ltr'><strong>se</strong></span> <span class='ocrx_word' id='word_1_17' title='bbox 498 291 680 331; x_wconf 90' lang='lat' dir='ltr'><strong>meritum</strong></span> <span class='ocrx_word' id='word_1_18' title='bbox 708 292 760 331; x_wconf 91' lang='lat' dir='ltr'><strong>de</strong></span> <span class='ocrx_word' id='word_1_19' title='bbox 786 290 854 330; x_wconf 90' lang='lat' dir='ltr'><strong>illo</strong></span> <span class='ocrx_word' id='word_1_20' title='bbox 879 290 1029 341; x_wconf 89' lang='lat' dir='ltr'><strong>optime</strong></span> <span class='ocrx_word' id='word_1_21' title='bbox 1055 291 1261 342; x_wconf 87' lang='lat' dir='ltr'>proderet:</span> <span class='ocrx_word' id='word_1_22' title='bbox 1290 291 1401 341; x_wconf 92' lang='lat' dir='ltr'><strong>quod</strong></span> <span class='ocrx_word' id='word_1_23' title='bbox 1424 290 1456 330; x_wconf 88' lang='lat' dir='ltr'><strong>si</strong></span> <span class='ocrx_word' id='word_1_24' title='bbox 1478 303 1567 331; x_wconf 90' lang='lat' dir='ltr'><strong>eam</strong></span> 
     </span>
     <span class='ocr_line' id='line_1_4' title="bbox 237 355 1567 407; baseline 0 -11"><span class='ocrx_word' id='word_1_25' title='bbox 237 356 392 396; x_wconf 88' lang='lat' dir='ltr'><strong>veniam</strong></span> <span class='ocrx_word' id='word_1_26' title='bbox 435 356 510 396; x_wconf 90' lang='lat' dir='ltr'>sibi</span> <span class='ocrx_word' id='word_1_27' title='bbox 547 355 721 396; x_wconf 81' lang='lat' dir='ltr'><strong>dedisset</strong></span> <span class='ocrx_word' id='word_1_28' title='bbox 763 355 961 407; x_wconf 83' lang='lat' dir='ltr'><strong>tantisque</strong></span> <span class='ocrx_word' id='word_1_29' title='bbox 998 355 1243 406; x_wconf 89' lang='lat' dir='ltr'><strong>implicatum</strong></span> <span class='ocrx_word' id='word_1_30' title='bbox 1286 355 1403 395; x_wconf 90' lang='lat' dir='ltr'><strong>rebus</strong></span> <span class='ocrx_word' id='word_1_31' title='bbox 1441 355 1567 396; x_wconf 85' lang='lat' dir='ltr'><strong>suble-</strong></span> 
     </span>
     <span class='ocr_line' id='line_1_5' title="bbox 237 420 1034 472; baseline -0.001 -12"><span class='ocrx_word' id='word_1_32' title='bbox 237 428 376 469; x_wconf 82' lang='lat' dir='ltr'><strong>vasset,</strong></span> <span class='ocrx_word' id='word_1_33' title='bbox 407 434 553 472; x_wconf 87' lang='lat' dir='ltr'><strong>magno</strong></span> <span class='ocrx_word' id='word_1_34' title='bbox 581 420 617 460; x_wconf 90' lang='lat' dir='ltr'><strong>ei</strong></span> <span class='ocrx_word' id='word_1_35' title='bbox 645 420 821 472; x_wconf 87' lang='lat' dir='ltr'><strong>praemio</strong></span> <span class='ocrx_word' id='word_1_36' title='bbox 849 421 1034 460; x_wconf 89' lang='lat' dir='ltr'><strong>futurum.</strong></span> 
     </span>
    </p>

    <p class='ocr_par' dir='ltr' id='par_1_4' title="bbox 195 485 1566 798">
     <span class='ocr_line' id='line_1_6' title="bbox 195 485 1565 538; baseline 0 -12"><span class='ocrx_word' id='word_1_37' title='bbox 195 493 221 533; x_wconf 91' lang='grc'>5</span> <span class='ocrx_word' id='word_1_38' title='bbox 293 486 370 537; x_wconf 85' lang='lat' dir='ltr'><strong>His</strong></span> <span class='ocrx_word' id='word_1_39' title='bbox 399 487 516 526; x_wconf 89' lang='lat' dir='ltr'><strong>rebus</strong></span> <span class='ocrx_word' id='word_1_40' title='bbox 545 486 682 538; x_wconf 90' lang='lat' dir='ltr'><strong>ephori</strong></span> <span class='ocrx_word' id='word_1_41' title='bbox 716 485 883 537; x_wconf 87' lang='lat' dir='ltr'><strong>cognitis</strong></span> <span class='ocrx_word' id='word_1_42' title='bbox 912 485 1033 525; x_wconf 91' lang='lat' dir='ltr'><strong>satius</strong></span> <span class='ocrx_word' id='word_1_43' title='bbox 1061 493 1248 537; x_wconf 90' lang='lat' dir='ltr'><strong>putarunt</strong></span> <span class='ocrx_word' id='word_1_44' title='bbox 1273 486 1315 526; x_wconf 89' lang='lat' dir='ltr'><strong>in</strong></span> <span class='ocrx_word' id='word_1_45' title='bbox 1347 487 1445 526; x_wconf 87' lang='lat' dir='ltr'><strong>urbe</strong></span> <span class='ocrx_word' id='word_1_46' title='bbox 1473 500 1565 526; x_wconf 90' lang='lat' dir='ltr'><strong>eum</strong></span> 
     </span>
     <span class='ocr_line' id='line_1_7' title="bbox 237 551 1566 603; baseline 0.001 -12"><span class='ocrx_word' id='word_1_47' title='bbox 237 551 531 603; x_wconf 86' lang='lat' dir='ltr'><strong>comprehendi.</strong></span> <span class='ocrx_word' id='word_1_48' title='bbox 605 565 686 603; x_wconf 93' lang='lat' dir='ltr'><strong>quo</strong></span> <span class='ocrx_word' id='word_1_49' title='bbox 733 565 825 591; x_wconf 92' lang='lat' dir='ltr'><strong>cum</strong></span> <span class='ocrx_word' id='word_1_50' title='bbox 872 558 1003 591; x_wconf 91' lang='lat' dir='ltr'><strong>essent</strong></span> <span class='ocrx_word' id='word_1_51' title='bbox 1054 551 1219 602; x_wconf 90' lang='lat' dir='ltr'><strong>profecti</strong></span> <span class='ocrx_word' id='word_1_52' title='bbox 1265 559 1304 592; x_wconf 90' lang='lat' dir='ltr'><strong>et</strong></span> <span class='ocrx_word' id='word_1_53' title='bbox 1351 552 1566 592; x_wconf 84' lang='lat' dir='ltr'><strong>Pausanias</strong></span> 
     </span>
     <span class='ocr_line' id='line_1_8' title="bbox 236 616 1563 669; baseline 0 -13"><span class='ocrx_word' id='word_1_54' title='bbox 236 619 391 669; x_wconf 90' lang='lat' dir='ltr'><strong>placato</strong></span> <span class='ocrx_word' id='word_1_55' title='bbox 429 616 593 668; x_wconf 89' lang='lat' dir='ltr'><strong>Argilio,</strong></span> <span class='ocrx_word' id='word_1_56' title='bbox 626 624 669 656; x_wconf 94' lang='lat' dir='ltr'><strong>ut</strong></span> <span class='ocrx_word' id='word_1_57' title='bbox 703 617 878 668; x_wconf 89' lang='lat' dir='ltr'><strong>putabat,</strong></span> <span class='ocrx_word' id='word_1_58' title='bbox 915 618 1261 656; x_wconf 88' lang='lat' dir='ltr'><strong>Lacedaemonem</strong></span> <span class='ocrx_word' id='word_1_59' title='bbox 1298 623 1563 665; x_wconf 89' lang='lat' dir='ltr'><strong>reverteretur,</strong></span> 
     </span>
     <span class='ocr_line' id='line_1_9' title="bbox 235 681 1566 733; baseline 0.001 -12"><span class='ocrx_word' id='word_1_60' title='bbox 235 681 275 721; x_wconf 93' lang='lat' dir='ltr'><strong>in</strong></span> <span class='ocrx_word' id='word_1_61' title='bbox 306 682 454 731; x_wconf 90' lang='lat' dir='ltr'><strong>itinere,</strong></span> <span class='ocrx_word' id='word_1_62' title='bbox 487 696 579 722; x_wconf 89' lang='lat' dir='ltr'><strong>cum</strong></span> <span class='ocrx_word' id='word_1_63' title='bbox 609 682 687 722; x_wconf 89' lang='lat' dir='ltr'><strong>iam</strong></span> <span class='ocrx_word' id='word_1_64' title='bbox 718 682 759 721; x_wconf 91' lang='lat' dir='ltr'><strong>in</strong></span> <span class='ocrx_word' id='word_1_65' title='bbox 791 695 840 722; x_wconf 91' lang='lat' dir='ltr'><strong>eo</strong></span> <span class='ocrx_word' id='word_1_66' title='bbox 868 689 972 722; x_wconf 89' lang='lat' dir='ltr'><strong>esset</strong></span> <span class='ocrx_word' id='word_1_67' title='bbox 1000 690 1043 721; x_wconf 93' lang='lat' dir='ltr'><strong>ut</strong></span> <span class='ocrx_word' id='word_1_68' title='bbox 1077 683 1487 733; x_wconf 86' lang='lat' dir='ltr'><strong>comprehenderetur,</strong></span> <span class='ocrx_word' id='word_1_69' title='bbox 1518 696 1566 722; x_wconf 90' lang='lat' dir='ltr'><strong>ex</strong></span> 
     </span>
     <span class='ocr_line' id='line_1_10' title="bbox 234 746 1565 798; baseline -0.001 -11"><span class='ocrx_word' id='word_1_70' title='bbox 234 749 342 787; x_wconf 92' lang='lat' dir='ltr'><strong>vultu</strong></span> <span class='ocrx_word' id='word_1_71' title='bbox 363 748 569 787; x_wconf 89' lang='lat' dir='ltr'><strong>cuiusdam</strong></span> <span class='ocrx_word' id='word_1_72' title='bbox 589 747 738 798; x_wconf 90' lang='lat' dir='ltr'><strong>ephori,</strong></span> <span class='ocrx_word' id='word_1_73' title='bbox 761 747 828 798; x_wconf 92' lang='lat' dir='ltr'><strong>qui</strong></span> <span class='ocrx_word' id='word_1_74' title='bbox 848 761 938 787; x_wconf 90' lang='lat' dir='ltr'><strong>eum</strong></span> <span class='ocrx_word' id='word_1_75' title='bbox 959 746 1163 786; x_wconf 88' lang='lat' dir='ltr'><strong>admoneri</strong></span> <span class='ocrx_word' id='word_1_76' title='bbox 1188 746 1383 798; x_wconf 89' lang='lat' dir='ltr'><strong>cupiebat,</strong></span> <span class='ocrx_word' id='word_1_77' title='bbox 1404 746 1565 786; x_wconf 88' lang='lat' dir='ltr'><strong>insidias</strong></span> 
     </span>
    </p>

    <p class='ocr_par' dir='ltr' id='par_1_5' title="bbox 197 812 1564 1058">
     <span class='ocr_line' id='line_1_11' title="bbox 197 812 1564 863; baseline 0.001 -13"><span class='ocrx_word' id='word_1_78' title='bbox 197 828 213 850; x_wconf 87' lang='lat'><em>2</em></span> <span class='ocrx_word' id='word_1_79' title='bbox 234 813 308 853; x_wconf 91' lang='lat' dir='ltr'><strong>sibi</strong></span> <span class='ocrx_word' id='word_1_80' title='bbox 332 813 415 853; x_wconf 88' lang='lat' dir='ltr'><strong>fieri</strong></span> <span class='ocrx_word' id='word_1_81' title='bbox 439 813 639 852; x_wconf 90' lang='lat' dir='ltr'><strong>intellexit.</strong></span> <span class='ocrx_word' id='word_1_82' title='bbox 699 812 832 863; x_wconf 90' lang='lat' dir='ltr'><strong>itaque</strong></span> <span class='ocrx_word' id='word_1_83' title='bbox 855 813 991 863; x_wconf 90' lang='lat' dir='ltr'><strong>paucis</strong></span> <span class='ocrx_word' id='word_1_84' title='bbox 1017 820 1108 852; x_wconf 90' lang='lat' dir='ltr'><strong>ante</strong></span> <span class='ocrx_word' id='word_1_85' title='bbox 1133 812 1331 863; x_wconf 85' lang='lat' dir='ltr'><strong>gradibus,</strong></span> <span class='ocrx_word' id='word_1_86' title='bbox 1353 825 1472 862; x_wconf 88' lang='lat' dir='ltr'><strong>quam</strong></span> <span class='ocrx_word' id='word_1_87' title='bbox 1496 812 1564 863; x_wconf 88' lang='lat' dir='ltr'><strong>qui</strong></span> 
     </span>
     <span class='ocr_line' id='line_1_12' title="bbox 232 877 1564 929; baseline -0.001 -11"><span class='ocrx_word' id='word_1_88' title='bbox 232 892 323 918; x_wconf 91' lang='lat' dir='ltr'><strong>eum</strong></span> <span class='ocrx_word' id='word_1_89' title='bbox 362 879 637 929; x_wconf 88' lang='lat' dir='ltr'><strong>sequebantur,</strong></span> <span class='ocrx_word' id='word_1_90' title='bbox 673 877 714 917; x_wconf 90' lang='lat' dir='ltr'><strong>in</strong></span> <span class='ocrx_word' id='word_1_91' title='bbox 752 878 893 917; x_wconf 88' lang='lat' dir='ltr'><strong>aedem</strong></span> <span class='ocrx_word' id='word_1_92' title='bbox 928 877 1142 925; x_wconf 90' lang='lat' dir='ltr'><strong>Minervae,</strong></span> <span class='ocrx_word' id='word_1_93' title='bbox 1179 890 1280 927; x_wconf 87' lang='lat' dir='ltr'><strong>quae</strong></span> <span class='ocrx_word' id='word_1_94' title='bbox 1314 877 1564 917; x_wconf 89' lang='lat' dir='ltr'><strong>Chalcioicos</strong></span> 
     </span>
     <span class='ocr_line' id='line_1_13' title="bbox 232 941 1562 995; baseline -0.001 -12"><span class='ocrx_word' id='word_1_95' title='bbox 232 951 404 991; x_wconf 87' lang='lat' dir='ltr'><strong>vocatur,</strong></span> <span class='ocrx_word' id='word_1_96' title='bbox 444 943 630 995; x_wconf 84' lang='lat' dir='ltr'><strong>confugit.</strong></span> <span class='ocrx_word' id='word_1_97' title='bbox 705 942 798 982; x_wconf 90' lang='lat' dir='ltr'><strong>hinc</strong></span> <span class='ocrx_word' id='word_1_98' title='bbox 837 956 887 982; x_wconf 90' lang='lat' dir='ltr'><strong>ne</strong></span> <span class='ocrx_word' id='word_1_99' title='bbox 925 942 1029 982; x_wconf 88' lang='lat' dir='ltr'><strong>exire</strong></span> <span class='ocrx_word' id='word_1_100' title='bbox 1071 950 1214 993; x_wconf 87' lang='lat' dir='ltr'><strong>posset,</strong></span> <span class='ocrx_word' id='word_1_101' title='bbox 1256 941 1387 980; x_wconf 90' lang='lat' dir='ltr'><strong>statim</strong></span> <span class='ocrx_word' id='word_1_102' title='bbox 1426 942 1562 993; x_wconf 88' lang='lat' dir='ltr'><strong>ephori</strong></span> 
     </span>
     <span class='ocr_line' id='line_1_14' title="bbox 231 1007 1562 1058; baseline -0.002 -10"><span class='ocrx_word' id='word_1_103' title='bbox 231 1010 363 1048; x_wconf 91' lang='lat' dir='ltr'><strong>valvas</strong></span> <span class='ocrx_word' id='word_1_104' title='bbox 400 1009 484 1048; x_wconf 91' lang='lat' dir='ltr'><strong>eius</strong></span> <span class='ocrx_word' id='word_1_105' title='bbox 520 1008 630 1048; x_wconf 91' lang='lat' dir='ltr'><strong>aedis</strong></span> <span class='ocrx_word' id='word_1_106' title='bbox 664 1008 942 1047; x_wconf 90' lang='lat' dir='ltr'><strong>obstruxerunt</strong></span> <span class='ocrx_word' id='word_1_107' title='bbox 975 1015 1204 1058; x_wconf 89' lang='lat' dir='ltr'><strong>tectumque</strong></span> <span class='ocrx_word' id='word_1_108' title='bbox 1243 1014 1334 1046; x_wconf 91' lang='lat' dir='ltr'><strong>sunt</strong></span> <span class='ocrx_word' id='word_1_109' title='bbox 1372 1007 1562 1056; x_wconf 91' lang='lat' dir='ltr'><strong>demoliti,</strong></span> 
     </span>
    </p>

    <p class='ocr_par' dir='ltr' id='par_1_6' title="bbox 196 1072 1565 1255">
     <span class='ocr_line' id='line_1_15' title="bbox 196 1072 1563 1125; baseline -0.001 -12"><span class='ocrx_word' id='word_1_110' title='bbox 196 1091 215 1122; x_wconf 87' lang='lat'><strong>3</strong></span> <span class='ocrx_word' id='word_1_111' title='bbox 233 1087 313 1125; x_wconf 92' lang='lat' dir='ltr'><strong>quo</strong></span> <span class='ocrx_word' id='word_1_112' title='bbox 333 1074 496 1113; x_wconf 91' lang='lat' dir='ltr'><strong>celerius</strong></span> <span class='ocrx_word' id='word_1_113' title='bbox 516 1074 590 1113; x_wconf 89' lang='lat' dir='ltr'><strong>sub</strong></span> <span class='ocrx_word' id='word_1_114' title='bbox 610 1073 703 1113; x_wconf 91' lang='lat' dir='ltr'><strong>divo</strong></span> <span class='ocrx_word' id='word_1_115' title='bbox 727 1073 911 1112; x_wconf 89' lang='lat' dir='ltr'><strong>interiret.</strong></span> <span class='ocrx_word' id='word_1_116' title='bbox 969 1072 1112 1113; x_wconf 91' lang='lat' dir='ltr'><strong>dicitur</strong></span> <span class='ocrx_word' id='word_1_117' title='bbox 1131 1086 1180 1112; x_wconf 92' lang='lat' dir='ltr'><strong>eo</strong></span> <span class='ocrx_word' id='word_1_118' title='bbox 1199 1079 1379 1123; x_wconf 89' lang='lat' dir='ltr'><strong>tempore</strong></span> <span class='ocrx_word' id='word_1_119' title='bbox 1400 1081 1563 1112; x_wconf 90' lang='lat' dir='ltr'><strong>matrem</strong></span> 
     </span>
     <span class='ocr_line' id='line_1_16' title="bbox 233 1138 1564 1190; baseline -0.001 -11"><span class='ocrx_word' id='word_1_120' title='bbox 233 1139 450 1179; x_wconf 91' lang='lat' dir='ltr'><strong>Pausaniae</strong></span> <span class='ocrx_word' id='word_1_121' title='bbox 480 1138 620 1178; x_wconf 89' lang='lat' dir='ltr'><strong>vixisse</strong></span> <span class='ocrx_word' id='word_1_122' title='bbox 648 1152 816 1190; x_wconf 89' lang='lat' dir='ltr'><strong>eamque</strong></span> <span class='ocrx_word' id='word_1_123' title='bbox 847 1138 925 1177; x_wconf 88' lang='lat' dir='ltr'><strong>iam</strong></span> <span class='ocrx_word' id='word_1_124' title='bbox 954 1151 1099 1189; x_wconf 86' lang='lat' dir='ltr'><strong>magno</strong></span> <span class='ocrx_word' id='word_1_125' title='bbox 1132 1146 1238 1185; x_wconf 90' lang='lat' dir='ltr'><strong>natu,</strong></span> <span class='ocrx_word' id='word_1_126' title='bbox 1272 1145 1480 1189; x_wconf 84' lang='lat' dir='ltr'><strong>postquam</strong></span> <span class='ocrx_word' id='word_1_127' title='bbox 1513 1140 1564 1178; x_wconf 89' lang='lat' dir='ltr'><strong>de</strong></span> 
     </span>
     <span class='ocr_line' id='line_1_17' title="bbox 233 1203 1565 1255; baseline 0 -12"><span class='ocrx_word' id='word_1_128' title='bbox 233 1206 378 1244; x_wconf 88' lang='lat' dir='ltr'><strong>scelere</strong></span> <span class='ocrx_word' id='word_1_129' title='bbox 402 1203 470 1243; x_wconf 90' lang='lat' dir='ltr'><strong>filii</strong></span> <span class='ocrx_word' id='word_1_130' title='bbox 496 1203 699 1254; x_wconf 92' lang='lat' dir='ltr'><strong>comperit,</strong></span> <span class='ocrx_word' id='word_1_131' title='bbox 725 1203 764 1242; x_wconf 88' lang='lat' dir='ltr'><strong>in</strong></span> <span class='ocrx_word' id='word_1_132' title='bbox 791 1203 926 1255; x_wconf 88' lang='lat' dir='ltr'><strong>primis</strong></span> <span class='ocrx_word' id='word_1_133' title='bbox 949 1205 1000 1243; x_wconf 90' lang='lat' dir='ltr'><strong>ad</strong></span> <span class='ocrx_word' id='word_1_134' title='bbox 1030 1204 1153 1246; x_wconf 83' lang='lat' dir='ltr'><strong>filium</strong></span> <span class='ocrx_word' id='word_1_135' title='bbox 1178 1206 1446 1247; x_wconf 87' lang='lat' dir='ltr'><strong>claudendum</strong></span> <span class='ocrx_word' id='word_1_136' title='bbox 1471 1205 1565 1255; x_wconf 90' lang='lat' dir='ltr'><strong>lapi-</strong></span> 
     </span>
    </p>

    <p class='ocr_par' dir='ltr' id='par_1_7' title="bbox 193 1268 1561 1384">
     <span class='ocr_line' id='line_1_18' title="bbox 193 1268 1561 1320; baseline 0.001 -13"><span class='ocrx_word' id='word_1_137' title='bbox 193 1284 215 1316; x_wconf 85' lang='lat'>4</span> <span class='ocrx_word' id='word_1_138' title='bbox 233 1270 324 1308; x_wconf 88' lang='lat' dir='ltr'><strong>dem</strong></span> <span class='ocrx_word' id='word_1_139' title='bbox 352 1270 405 1308; x_wconf 91' lang='lat' dir='ltr'><strong>ad</strong></span> <span class='ocrx_word' id='word_1_140' title='bbox 433 1269 635 1308; x_wconf 90' lang='lat' dir='ltr'><strong>introitum</strong></span> <span class='ocrx_word' id='word_1_141' title='bbox 665 1268 774 1308; x_wconf 88' lang='lat' dir='ltr'><strong>aedis</strong></span> <span class='ocrx_word' id='word_1_142' title='bbox 802 1268 989 1308; x_wconf 87' lang='lat' dir='ltr'><strong>attulisse.</strong></span> <span class='ocrx_word' id='word_1_143' title='bbox 1048 1268 1104 1308; x_wconf 88' lang='lat' dir='ltr'><strong>sic</strong></span> <span class='ocrx_word' id='word_1_144' title='bbox 1134 1270 1348 1308; x_wconf 89' lang='lat' dir='ltr'><strong>Pausanias</strong></span> <span class='ocrx_word' id='word_1_145' title='bbox 1378 1283 1561 1320; x_wconf 89' lang='lat' dir='ltr'><strong>magnam</strong></span> 
     </span>
     <span class='ocr_line' id='line_1_19' title="bbox 233 1333 1561 1384; baseline 0.002 -12"><span class='ocrx_word' id='word_1_146' title='bbox 233 1333 325 1373; x_wconf 92' lang='lat' dir='ltr'><strong>belli</strong></span> <span class='ocrx_word' id='word_1_147' title='bbox 347 1333 510 1384; x_wconf 89' lang='lat' dir='ltr'><strong>gloriam</strong></span> <span class='ocrx_word' id='word_1_148' title='bbox 539 1333 642 1384; x_wconf 88' lang='lat' dir='ltr'><strong>turpi</strong></span> <span class='ocrx_word' id='word_1_149' title='bbox 672 1341 797 1373; x_wconf 90' lang='lat' dir='ltr'><strong>morte</strong></span> <span class='ocrx_word' id='word_1_150' title='bbox 826 1334 1046 1374; x_wconf 87' lang='lat' dir='ltr'><strong>maculavit.</strong></span> <span class='ocrx_word' id='word_1_151' title='bbox 1106 1334 1170 1373; x_wconf 90' lang='lat' dir='ltr'><strong>hic</strong></span> <span class='ocrx_word' id='word_1_152' title='bbox 1199 1349 1290 1374; x_wconf 89' lang='lat' dir='ltr'><strong>cum</strong></span> <span class='ocrx_word' id='word_1_153' title='bbox 1321 1335 1561 1375; x_wconf 89' lang='lat' dir='ltr'><strong>semianimis</strong></span> 
     </span>
    </p>

    <p class='ocr_par' dir='ltr' id='par_1_8' title="bbox 195 1399 1562 1777">
     <span class='ocr_line' id='line_1_20' title="bbox 195 1399 1562 1450; baseline 0.003 -13"><span class='ocrx_word' id='word_1_154' title='bbox 195 1409 214 1443; x_wconf 88' lang='lat'><strong>5</strong></span> <span class='ocrx_word' id='word_1_155' title='bbox 232 1399 283 1438; x_wconf 93' lang='lat' dir='ltr'><strong>de</strong></span> <span class='ocrx_word' id='word_1_156' title='bbox 311 1400 460 1450; x_wconf 89' lang='lat' dir='ltr'><strong>templo</strong></span> <span class='ocrx_word' id='word_1_157' title='bbox 494 1399 617 1438; x_wconf 90' lang='lat' dir='ltr'><strong>elatus</strong></span> <span class='ocrx_word' id='word_1_158' title='bbox 649 1406 762 1446; x_wconf 87' lang='lat' dir='ltr'><strong>esset,</strong></span> <span class='ocrx_word' id='word_1_159' title='bbox 793 1399 1001 1438; x_wconf 89' lang='lat' dir='ltr'><strong>confestim</strong></span> <span class='ocrx_word' id='word_1_160' title='bbox 1031 1400 1203 1440; x_wconf 90' lang='lat' dir='ltr'><strong>animam</strong></span> <span class='ocrx_word' id='word_1_161' title='bbox 1238 1401 1391 1440; x_wconf 87' lang='lat' dir='ltr'><strong>efflavit.</strong></span> <span class='ocrx_word' id='word_1_162' title='bbox 1451 1402 1562 1442; x_wconf 90' lang='lat' dir='ltr'><strong>cuius</strong></span> 
     </span>
     <span class='ocr_line' id='line_1_21' title="bbox 233 1463 1560 1518; baseline 0.004 -16"><span class='ocrx_word' id='word_1_163' title='bbox 233 1463 375 1503; x_wconf 90' lang='lat' dir='ltr'><strong>mortui</strong></span> <span class='ocrx_word' id='word_1_164' title='bbox 394 1477 536 1515; x_wconf 90' lang='lat' dir='ltr'><strong>corpus</strong></span> <span class='ocrx_word' id='word_1_165' title='bbox 553 1477 643 1503; x_wconf 91' lang='lat' dir='ltr'><strong>cum</strong></span> <span class='ocrx_word' id='word_1_166' title='bbox 663 1465 806 1503; x_wconf 89' lang='lat' dir='ltr'><strong>eodem</strong></span> <span class='ocrx_word' id='word_1_167' title='bbox 827 1465 1007 1504; x_wconf 91' lang='lat' dir='ltr'><strong>nonnulli</strong></span> <span class='ocrx_word' id='word_1_168' title='bbox 1022 1465 1202 1505; x_wconf 77' lang='lat' dir='ltr'><strong>&#39;dicerent</strong></span> <span class='ocrx_word' id='word_1_169' title='bbox 1218 1465 1348 1505; x_wconf 88' lang='lat' dir='ltr'><strong>inferri</strong></span> <span class='ocrx_word' id='word_1_170' title='bbox 1368 1475 1560 1518; x_wconf 91' lang='lat' dir='ltr'><strong>oportere,</strong></span> 
     </span>
     <span class='ocr_line' id='line_1_22' title="bbox 231 1529 1562 1583; baseline 0.003 -15"><span class='ocrx_word' id='word_1_171' title='bbox 231 1543 313 1581; x_wconf 92' lang='lat' dir='ltr'><strong>quo</strong></span> <span class='ocrx_word' id='word_1_172' title='bbox 338 1529 364 1568; x_wconf 92' lang='lat' dir='ltr'><strong>ii</strong></span> <span class='ocrx_word' id='word_1_173' title='bbox 390 1529 458 1581; x_wconf 88' lang='lat' dir='ltr'><strong>qui</strong></span> <span class='ocrx_word' id='word_1_174' title='bbox 481 1530 532 1569; x_wconf 89' lang='lat' dir='ltr'><strong>ad</strong></span> <span class='ocrx_word' id='word_1_175' title='bbox 556 1529 792 1580; x_wconf 87' lang='lat' dir='ltr'><strong>supplicium</strong></span> <span class='ocrx_word' id='word_1_176' title='bbox 818 1538 948 1569; x_wconf 88' lang='lat' dir='ltr'><strong>essent</strong></span> <span class='ocrx_word' id='word_1_177' title='bbox 972 1531 1064 1579; x_wconf 90' lang='lat' dir='ltr'><strong>dati,</strong></span> <span class='ocrx_word' id='word_1_178' title='bbox 1087 1531 1286 1582; x_wconf 90' lang='lat' dir='ltr'><strong>displicuit</strong></span> <span class='ocrx_word' id='word_1_179' title='bbox 1313 1532 1500 1583; x_wconf 90' lang='lat' dir='ltr'><strong>pluribus,</strong></span> <span class='ocrx_word' id='word_1_180' title='bbox 1522 1541 1562 1572; x_wconf 90' lang='lat' dir='ltr'><strong>et</strong></span> 
     </span>
     <span class='ocr_line' id='line_1_23' title="bbox 231 1594 1562 1647; baseline 0.004 -14"><span class='ocrx_word' id='word_1_181' title='bbox 231 1596 368 1646; x_wconf 92' lang='lat' dir='ltr'><strong>procul</strong></span> <span class='ocrx_word' id='word_1_182' title='bbox 405 1595 456 1634; x_wconf 94' lang='lat' dir='ltr'><strong>ab</strong></span> <span class='ocrx_word' id='word_1_183' title='bbox 494 1608 542 1634; x_wconf 90' lang='lat' dir='ltr'><strong>eo</strong></span> <span class='ocrx_word' id='word_1_184' title='bbox 580 1596 669 1634; x_wconf 89' lang='lat' dir='ltr'><strong>loeo</strong></span> <span class='ocrx_word' id='word_1_185' title='bbox 707 1594 944 1643; x_wconf 90' lang='lat' dir='ltr'><strong>infoderunt,</strong></span> <span class='ocrx_word' id='word_1_186' title='bbox 985 1609 1065 1647; x_wconf 90' lang='lat' dir='ltr'><strong>quo</strong></span> <span class='ocrx_word' id='word_1_187' title='bbox 1103 1604 1184 1635; x_wconf 89' lang='lat' dir='ltr'><strong>erat</strong></span> <span class='ocrx_word' id='word_1_188' title='bbox 1222 1605 1409 1636; x_wconf 89' lang='lat' dir='ltr'><strong>mortuus.</strong></span> <span class='ocrx_word' id='word_1_189' title='bbox 1469 1598 1562 1638; x_wconf 88' lang='lat' dir='ltr'><strong>inde</strong></span> 
     </span>
     <span class='ocr_line' id='line_1_24' title="bbox 232 1660 1562 1735; baseline 0.004 -37"><span class='ocrx_word' id='word_1_190' title='bbox 232 1660 425 1711; x_wconf 91' lang='lat' dir='ltr'><strong>posterius</strong></span> <span class='ocrx_word' id='word_1_191' title='bbox 458 1660 641 1711; x_wconf 89' lang='lat' dir='ltr'><strong>Delphici</strong></span> <span class='ocrx_word' id='word_1_192' title='bbox 675 1674 865 1712; x_wconf 87' lang='lat' dir='ltr'><strong>responso</strong></span> <span class='ocrx_word' id='word_1_193' title='bbox 898 1670 1031 1701; x_wconf 88' lang='lat' dir='ltr'><strong>erutus</strong></span> <span class='ocrx_word' id='word_1_194' title='bbox 1058 1669 1178 1735; x_wconf 81' lang='lat' dir='ltr'><strong>atque</strong></span> <span class='ocrx_word' id='word_1_195' title='bbox 1208 1663 1350 1702; x_wconf 89' lang='lat' dir='ltr'><strong>eodem</strong></span> <span class='ocrx_word' id='word_1_196' title='bbox 1384 1665 1474 1703; x_wconf 92' lang='lat' dir='ltr'><strong>loco</strong></span> <span class='ocrx_word' id='word_1_197' title='bbox 1507 1678 1562 1704; x_wconf 90' lang='lat' dir='ltr'><strong>se—</strong></span> 
     </span>
     <span class='ocr_line' id='line_1_25' title="bbox 232 1725 844 1777; baseline 0.002 -13"><span class='ocrx_word' id='word_1_198' title='bbox 232 1727 374 1777; x_wconf 89' lang='lat' dir='ltr'><strong>pultus,</strong></span> <span class='ocrx_word' id='word_1_199' title='bbox 405 1725 473 1765; x_wconf 93' lang='lat' dir='ltr'><strong>ubi</strong></span> <span class='ocrx_word' id='word_1_200' title='bbox 502 1726 620 1765; x_wconf 88' lang='lat' dir='ltr'><strong>vitam</strong></span> <span class='ocrx_word' id='word_1_201' title='bbox 651 1734 844 1777; x_wconf 89' lang='lat' dir='ltr'><strong>posuerat</strong></span> 
     </span>
    </p>
   </div>
   <div class='ocr_carea' id='block_1_4' title="bbox 199 1857 1560 2043">
    <p class='ocr_par' dir='ltr' id='par_1_9' title="bbox 199 1857 1560 2043">
     <span class='ocr_line' id='line_1_26' title="bbox 199 1857 1560 1910; baseline 0.004 -13"><span class='ocrx_word' id='word_1_202' title='bbox 199 1870 217 1897; x_wconf 91' lang='lat'>1</span> <span class='ocrx_word' id='word_1_203' title='bbox 289 1857 447 1904; x_wconf 87' lang='lat' dir='ltr'><strong>C1MON,</strong></span> <span class='ocrx_word' id='word_1_204' title='bbox 495 1857 685 1897; x_wconf 86' lang='lat' dir='ltr'><strong>Miltiadis</strong></span> <span class='ocrx_word' id='word_1_205' title='bbox 730 1859 842 1907; x_wconf 86' lang='lat' dir='ltr'><strong>filius,</strong></span> <span class='ocrx_word' id='word_1_206' title='bbox 887 1860 1152 1910; x_wconf 88' lang='lat' dir='ltr'><strong>Atheniensis,</strong></span> <span class='ocrx_word' id='word_1_207' title='bbox 1199 1863 1299 1902; x_wconf 92' lang='lat' dir='ltr'><strong>duro</strong></span> <span class='ocrx_word' id='word_1_208' title='bbox 1342 1863 1560 1902; x_wconf 89' lang='lat' dir='ltr'><strong>admodum</strong></span> 
     </span>
     <span class='ocr_line' id='line_1_27' title="bbox 234 1920 1559 1978; baseline 0.005 -20"><span class='ocrx_word' id='word_1_209' title='bbox 234 1920 346 1960; x_wconf 91' lang='lat' dir='ltr'><strong>initio</strong></span> <span class='ocrx_word' id='word_1_210' title='bbox 375 1934 468 1960; x_wconf 91' lang='lat' dir='ltr'><strong>usus</strong></span> <span class='ocrx_word' id='word_1_211' title='bbox 497 1929 555 1961; x_wconf 85' lang='lat' dir='ltr'><strong>est</strong></span> <span class='ocrx_word' id='word_1_212' title='bbox 583 1924 888 1965; x_wconf 88' lang='lat' dir='ltr'><strong>adulescentiae.</strong></span> <span class='ocrx_word' id='word_1_213' title='bbox 945 1940 1037 1965; x_wconf 92' lang='lat' dir='ltr'><strong>nam</strong></span> <span class='ocrx_word' id='word_1_214' title='bbox 1071 1941 1161 1966; x_wconf 91' lang='lat' dir='ltr'><strong>cum</strong></span> <span class='ocrx_word' id='word_1_215' title='bbox 1197 1936 1306 1978; x_wconf 90' lang='lat' dir='ltr'><strong>pater</strong></span> <span class='ocrx_word' id='word_1_216' title='bbox 1334 1927 1418 1966; x_wconf 89' lang='lat' dir='ltr'><strong>eius</strong></span> <span class='ocrx_word' id='word_1_217' title='bbox 1451 1927 1559 1967; x_wconf 89' lang='lat' dir='ltr'><strong>litem</strong></span> 
     </span>
     <span class='ocr_line' id='line_1_28' title="bbox 232 1986 1559 2043; baseline 0.006 -19"><span class='ocrx_word' id='word_1_218' title='bbox 232 1986 477 2026; x_wconf 87' lang='lat' dir='ltr'><strong>aestimatam</strong></span> <span class='ocrx_word' id='word_1_219' title='bbox 508 1992 658 2040; x_wconf 92' lang='lat' dir='ltr'><strong>populo</strong></span> <span class='ocrx_word' id='word_1_220' title='bbox 685 1993 835 2030; x_wconf 87' lang='lat' dir='ltr'><strong>solvere</strong></span> <span class='ocrx_word' id='word_1_221' title='bbox 865 2005 946 2031; x_wconf 93' lang='lat' dir='ltr'><strong>non</strong></span> <span class='ocrx_word' id='word_1_222' title='bbox 974 1992 1165 2043; x_wconf 89' lang='lat' dir='ltr'><strong>potuisset</strong></span> <span class='ocrx_word' id='word_1_223' title='bbox 1195 1994 1247 2031; x_wconf 93' lang='lat' dir='ltr'><strong>ob</strong></span> <span class='ocrx_word' id='word_1_224' title='bbox 1278 2006 1445 2043; x_wconf 88' lang='lat' dir='ltr'><strong>eamque</strong></span> <span class='ocrx_word' id='word_1_225' title='bbox 1471 2006 1559 2031; x_wconf 91' lang='lat' dir='ltr'><strong>cau-</strong></span> 
     </span>
    </p>
   </div>
   <div class='ocr_carea' id='block_1_5' title="bbox 1587 830 1625 854">
    <p class='ocr_par' dir='ltr' id='par_1_10' title="bbox 1587 830 1625 854">
     <span class='ocr_line' id='line_1_29' title="bbox 1587 830 1625 854; baseline 0 0"><span class='ocrx_word' id='word_1_226' title='bbox 1587 830 1625 854; x_wconf 86' lang='lat'><strong>10</strong></span> 
     </span>
    </p>
   </div>
   <div class='ocr_carea' id='block_1_6' title="bbox 1587 1155 1623 1188">
    <p class='ocr_par' dir='ltr' id='par_1_11' title="bbox 1587 1155 1623 1188">
     <span class='ocr_line' id='line_1_30' title="bbox 1587 1155 1623 1188; baseline 0 0"><span class='ocrx_word' id='word_1_227' title='bbox 1587 1155 1623 1188; x_wconf 87' lang='lat'><strong>¹5</strong></span> 
     </span>
    </p>
   </div>
   <div class='ocr_carea' id='block_1_7' title="bbox 1582 1481 1624 1504">
    <p class='ocr_par' dir='ltr' id='par_1_12' title="bbox 1582 1481 1624 1504">
     <span class='ocr_line' id='line_1_31' title="bbox 1582 1481 1624 1504; baseline 0.024 -1"><span class='ocrx_word' id='word_1_228' title='bbox 1582 1481 1624 1504; x_wconf 80' lang='lat'><strong>20</strong></span> 
     </span>
    </p>
   </div>
   <div class='ocr_carea' id='block_1_8' title="bbox 233 2052 1587 2106">
    <p class='ocr_par' dir='ltr' id='par_1_13' title="bbox 233 2052 1587 2106">
     <span class='ocr_line' id='line_1_32' title="bbox 233 2052 1587 2106; baseline 0.004 -16"><span class='ocrx_word' id='word_1_229' title='bbox 233 2065 315 2091; x_wconf 91' lang='lat' dir='ltr'><strong>sam</strong></span> <span class='ocrx_word' id='word_1_230' title='bbox 344 2052 382 2090; x_wconf 91' lang='lat' dir='ltr'><strong>in</strong></span> <span class='ocrx_word' id='word_1_231' title='bbox 406 2053 544 2093; x_wconf 88' lang='lat' dir='ltr'><strong>vinclis</strong></span> <span class='ocrx_word' id='word_1_232' title='bbox 570 2055 738 2106; x_wconf 88' lang='lat' dir='ltr'><strong>publicis</strong></span> <span class='ocrx_word' id='word_1_233' title='bbox 765 2056 1009 2104; x_wconf 87' lang='lat' dir='ltr'><strong>decessisset,</strong></span> <span class='ocrx_word' id='word_1_234' title='bbox 1039 2057 1184 2097; x_wconf 88' lang='lat' dir='ltr'><strong>Cimon</strong></span> <span class='ocrx_word' id='word_1_235' title='bbox 1211 2059 1351 2096; x_wconf 90' lang='lat' dir='ltr'><strong>eadem</strong></span> <span class='ocrx_word' id='word_1_236' title='bbox 1379 2057 1558 2097; x_wconf 90' lang='lat' dir='ltr'><strong>custodia</strong></span> <span class='ocrx_word' id='word_1_237' title='bbox 1583 2083 1587 2086; x_wconf 67' lang='grc'><em>»</em></span> 
     </span>
    </p>
   </div>
   <div class='ocr_carea' id='block_1_9' title="bbox 232 2119 1557 2172">
    <p class='ocr_par' dir='ltr' id='par_1_14' title="bbox 232 2119 1557 2172">
     <span class='ocr_line' id='line_1_33' title="bbox 232 2119 1557 2172; baseline 0.004 -16"><span class='ocrx_word' id='word_1_238' title='bbox 232 2119 439 2158; x_wconf 90' lang='lat' dir='ltr'><strong>tenebatur</strong></span> <span class='ocrx_word' id='word_1_239' title='bbox 464 2133 594 2171; x_wconf 86' lang='lat' dir='ltr'><strong>neque</strong></span> <span class='ocrx_word' id='word_1_240' title='bbox 624 2121 774 2171; x_wconf 89' lang='lat' dir='ltr'><strong>legibus</strong></span> <span class='ocrx_word' id='word_1_241' title='bbox 802 2122 1112 2161; x_wconf 90' lang='lat' dir='ltr'><strong>Atheniensibus</strong></span> <span class='ocrx_word' id='word_1_242' title='bbox 1142 2121 1266 2161; x_wconf 91' lang='lat' dir='ltr'><strong>emitti</strong></span> <span class='ocrx_word' id='word_1_243' title='bbox 1297 2130 1462 2172; x_wconf 89' lang='lat' dir='ltr'><strong>poterat,</strong></span> <span class='ocrx_word' id='word_1_244' title='bbox 1483 2122 1557 2161; x_wconf 89' lang='lat' dir='ltr'><strong>nisi</strong></span> 
     </span>
    </p>
   </div>
   <div class='ocr_carea' id='block_1_10' title="bbox 233 2223 1561 2351">
    <p class='ocr_par' dir='ltr' id='par_1_15' title="bbox 233 2223 1561 2351">
     <span class='ocr_line' id='line_1_34' title="bbox 279 2223 1561 2257; baseline 0.002 -3"><span class='ocrx_word' id='word_1_245' title='bbox 279 2233 313 2254; x_wconf 85' lang='lat'><strong>11</strong></span> <span class='ocrx_word' id='word_1_246' title='bbox 341 2234 418 2254; x_wconf 92' lang='lat' dir='ltr'><strong>eum</strong></span> <span class='ocrx_word' id='word_1_247' title='bbox 435 2234 501 2255; x_wconf 87' lang='lat' dir='ltr'><strong>om.</strong></span> <span class='ocrx_word' id='word_1_248' title='bbox 520 2224 551 2256; x_wconf 65' lang='grc' dir='ltr'><em>ς</em></span> <span class='ocrx_word' id='word_1_249' title='bbox 682 2223 895 2255; x_wconf 81' lang='lat' dir='ltr'><strong>Chalcidicos</strong></span> <span class='ocrx_word' id='word_1_250' title='bbox 906 2223 1018 2256; x_wconf 85' lang='lat' dir='ltr'><strong>Dan.:</strong></span> <span class='ocrx_word' id='word_1_251' title='bbox 1043 2224 1368 2256; x_wconf 84' lang='lat' dir='ltr'><strong>CalchidicosABP</strong></span> <span class='ocrx_word' id='word_1_252' title='bbox 1519 2236 1561 2257; x_wconf 88' lang='lat'><strong>20</strong></span> 
     </span>
     <span class='ocr_line' id='line_1_35' title="bbox 233 2266 1558 2308; baseline 0.002 -11"><span class='ocrx_word' id='word_1_253' title='bbox 233 2266 359 2297; x_wconf 83' lang='lat' dir='ltr'><strong>inferre</strong></span> <span class='ocrx_word' id='word_1_254' title='bbox 386 2267 488 2298; x_wconf 87' lang='grc' dir='ltr'><strong>ΑΒΡ</strong></span> <span class='ocrx_word' id='word_1_255' title='bbox 628 2277 670 2298; x_wconf 84' lang='lat'><strong>22</strong></span> <span class='ocrx_word' id='word_1_256' title='bbox 694 2278 761 2298; x_wconf 91' lang='lat' dir='ltr'><strong>non</strong></span> <span class='ocrx_word' id='word_1_257' title='bbox 788 2268 904 2308; x_wconf 84' lang='lat' dir='ltr'><strong>procul</strong></span> <span class='ocrx_word' id='word_1_258' title='bbox 930 2267 1051 2298; x_wconf 77' lang='lat' dir='ltr'><strong>Rosius</strong></span> <span class='ocrx_word' id='word_1_259' title='bbox 1065 2272 1093 2298; x_wconf 81' lang='lat' dir='ltr'><strong>et</strong></span> <span class='ocrx_word' id='word_1_260' title='bbox 1107 2268 1185 2300; x_wconf 77' lang='lat' dir='ltr'><strong>Exc.</strong></span> <span class='ocrx_word' id='word_1_261' title='bbox 1202 2267 1279 2299; x_wconf 77' lang='lat' dir='ltr'><strong>Pae.</strong></span> <span class='ocrx_word' id='word_1_262' title='bbox 1440 2278 1482 2308; x_wconf 86' lang='lat'><strong>23</strong></span> <span class='ocrx_word' id='word_1_263' title='bbox 1505 2269 1558 2300; x_wconf 85' lang='lat' dir='ltr'><strong>dei</strong></span> 
     </span>
     <span class='ocr_line' id='line_1_36' title="bbox 233 2309 1559 2351; baseline 0.002 -11"><span class='ocrx_word' id='word_1_264' title='bbox 233 2309 387 2350; x_wconf 87' lang='lat' dir='ltr'><strong>Delphici</strong></span> <span class='ocrx_word' id='word_1_265' title='bbox 418 2310 534 2343; x_wconf 83' lang='lat' dir='ltr'><strong>Lamb.</strong></span> <span class='ocrx_word' id='word_1_266' title='bbox 638 2321 691 2351; x_wconf 78' lang='lat'><strong>23,</strong></span> <span class='ocrx_word' id='word_1_267' title='bbox 710 2321 750 2350; x_wconf 85' lang='lat'><strong>24</strong></span> <span class='ocrx_word' id='word_1_268' title='bbox 775 2311 928 2351; x_wconf 87' lang='lat' dir='ltr'><strong>sepultus</strong></span> <span class='ocrx_word' id='word_1_269' title='bbox 952 2316 1004 2343; x_wconf 88' lang='lat' dir='ltr'><strong>est</strong></span> <span class='ocrx_word' id='word_1_270' title='bbox 1029 2311 1129 2343; x_wconf 81' lang='lat' dir='ltr'><strong>Fleck.</strong></span> <span class='ocrx_word' id='word_1_271' title='bbox 1235 2321 1276 2350; x_wconf 84' lang='lat'><strong>25</strong></span> <span class='ocrx_word' id='word_1_272' title='bbox 1300 2311 1559 2343; x_wconf 77' lang='lat' dir='ltr'><strong>Atheniensium</strong></span> 
     </span>
    </p>
   </div>
   <div class='ocr_carea' id='block_1_11' title="bbox 231 2351 351 2385">
    <p class='ocr_par' dir='ltr' id='par_1_16' title="bbox 231 2351 351 2385">
     <span class='ocr_line' id='line_1_37' title="bbox 231 2351 351 2385; baseline 0.025 -3"><span class='ocrx_word' id='word_1_273' title='bbox 231 2351 351 2385; x_wconf 81' lang='lat' dir='ltr'><strong>Lamb.</strong></span> 
     </span>
    </p>
   </div>
   <div class='ocr_carea' id='block_1_12' title="bbox 1718 0 1746 282">
    <p class='ocr_par' dir='ltr' id='par_1_17' title="bbox 1718 0 1746 282">
     <span class='ocr_line' id='line_1_38' title="bbox 1718 0 1746 282; baseline 0 2458"><span class='ocrx_word' id='word_1_274' title='bbox 1718 0 1746 282; x_wconf 95' lang='lat' dir='ltr'><strong> </strong></span> 
     </span>
    </p>
   </div>
  </div>
 </body>
</html>
