1746 2740
635 135 1044 174 THRASYBVLVS
1430 133 1549 171 VIII.
1570 132 1587 170 1

166 249 279 290 ducis
299 249 550 302 prudentiam
570 262 660 289 vere
679 255 811 301 potest
826 247 1062 300 praedicare.
1105 260 1226 300 quare
1242 246 1339 286 illud
1355 245 1502 298 magni·
1520 260 1538 292 5

166 315 466 355 ficentissimum
495 316 643 355 factum
674 314 875 367 proprium
905 321 964 352 est
983 312 1232 363 Thrasybuli.
1292 325 1382 351 nam
1408 325 1501 350 cum

166 393 256 421 xxx
276 381 430 432 tyranni
449 381 663 433 praepositi
682 395 706 421 a
727 378 1056 420 Lacedaemoniis
1082 378 1269 418 servitute
1294 390 1501 429 oppressas

165 454 344 486 tenerent
372 447 563 494 Athenas,
578 445 768 498 plurimos
800 444 918 493 cives,
951 444 1097 496 quibus
1122 443 1164 483 in
1192 444 1300 483 bello
1330 449 1502 495 parserat

126 525 144 558 ⁵
164 512 331 559 fortuna,
351 510 495 563 partim
514 510 639 565 patria
664 510 907 563 expulissent
932 509 1076 562 partim
1099 508 1397 556 interfecissent,
1420 509 1503 560 plu-

164 576 354 616 rimorum
391 578 502 618 bona
536 577 740 629 publicata
770 576 873 616 inter
904 589 947 616 se
981 574 1216 623 divisissent,
1250 587 1333 614 non
1369 575 1500 615 solum

164 642 360 694 princepS,
375 644 450 684 sed
470 642 590 683 etiam
607 645 716 683 solus
735 642 848 682 initio
868 643 1016 681 bellurn
1037 641 1084 680 iis
1104 640 1253 681 indixit.

220 708 303 748 Hic
321 707 428 747 enim
447 722 542 749 cum
559 710 712 760 Phylen
732 708 989 759 confugisset,
1005 708 1117 759 quod
1143 714 1202 746 est
1229 709 1435 747 castellum
1454 706 1495 747 in
1515 717 1540 746 2

165 772 298 813 Attica
320 773 639 822 munitissimum,
662 787 744 812 non
764 775 852 824 plus
882 773 1022 812 habuit
1051 786 1186 812 secum
1216 785 1306 812 xxx
1327 774 1378 812 de
1404 771 1495 812 suis.

106 854 146 877 10
165 840 243 879 hoc
272 838 431 879 initium
456 839 533 880 fuit
568 839 704 879 salutis
742 841 996 886 Actaeorum,
1036 839 1116 878 hoc
1152 838 1273 878 robur
1308 838 1499 878 libertatis

164 904 401 943 clarissimae
429 903 606 943 civitatis.
665 917 796 955 neque
824 917 918 943 vero
946 903 1011 942 hic
1043 917 1126 943 non
1156 911 1412 955 contemptus
1440 911 1499 943 est
1521 916 1536 938 2

163 969 291 1020 primo
318 983 342 1008 a
370 969 542 1020 tyrannis
570 977 690 1021 atque
718 969 802 1009 eius
831 968 1016 1008 solitudo.
1076 982 1180 1020 quae
1195 969 1361 1020 quidem
1379 982 1441 1009 res
1458 976 1499 1009 et

163 1034 238 1073 illis
266 1034 614 1074 contemnentibus
643 1034 806 1086 pernicii
837 1041 876 1073 et
907 1033 1000 1072 huic
1033 1035 1225 1086 despecto
1259 1034 1374 1073 saluti
1403 1034 1499 1074 suit:

164 1101 263 1139 haec
291 1099 398 1139 enim
426 1100 513 1139 illos
542 1113 681 1151 segnes
707 1101 759 1139 ad
786 1100 1118 1150 persequendum,
1141 1100 1215 1139 hos
1241 1106 1375 1139 autem
1404 1107 1500 1139 tem-

107 1178 143 1213 ¹5
163 1178 259 1216 pore
281 1166 333 1205 ad
358 1166 670 1217 comparandum
696 1166 791 1205 dato
824 1164 917 1204 fecit
950 1164 1202 1204 robustiores.
1262 1178 1343 1216 quo
1376 1164 1499 1216 magis
1518 1175 1537 1207 3

163 1238 418 1282 praeceptum
448 1230 546 1270 illud
578 1230 758 1269 omnium
793 1230 833 1269 in
866 1229 1009 1270 animis
1040 1243 1127 1270 esse
1158 1231 1290 1279 debet,
1330 1230 1428 1270 nihil
1458 1230 1499 1270 in

163 1295 269 1335 bello
306 1302 487 1346 oportere
524 1295 738 1344 contemni,
775 1309 907 1346 neque
945 1294 1030 1335 sine
1068 1309 1188 1335 causa
1219 1295 1300 1335 dici
1333 1303 1498 1336 matrem

162 1359 290 1400 timidi
309 1362 403 1400 flere
422 1375 504 1401 non
523 1362 676 1407 solere„
718 1375 850 1412 neque
870 1368 1004 1400 tamen
1024 1374 1096 1412 pro
1121 1360 1311 1412 opinione
1331 1362 1498 1412 Thrasy·
1517 1375 1537 1406 4

162 1425 245 1465 buli
264 1433 404 1466 auctae
423 1434 515 1466 sunt
534 1440 630 1478 opes
646 1442 654 1466 z
683 1440 776 1466 nam
796 1426 876 1466 iam
896 1433 982 1465 tum
1002 1426 1079 1466 illis
1095 1426 1340 1478 temporibus
1360 1426 1497 1466 fortius

104 1507 143 1530 20
162 1490 258 1530 boni
286 1505 357 1543 pro
386 1492 565 1532 libertate
593 1493 859 1544 loquebantur
887 1505 1008 1544 quam
1033 1492 1275 1544 pugnabant.
1334 1492 1427 1532 hinc
1457 1492 1497 1531 in
1518 1504 1536 1537 5

163 1556 343 1596 Piraeum
363 1557 514 1597 transiit
535 1557 865 1609 Munichiamque
892 1557 1069 1597 munivit.
1129 1559 1232 1597 hanc
1256 1557 1317 1597 bis
1343 1557 1498 1609 tyranni

160 1635 389 1675 oppugnare
408 1631 500 1663 sunt
517 1624 657 1672 adorti,
678 1624 730 1663 ab
750 1637 877 1674 eaque
898 1623 1061 1674 turpiter
1081 1623 1226 1675 repulsi
1246 1623 1425 1675 protinus
1454 1623 1496 1663 in

160 1689 299 1728 urbem
317 1689 436 1729 armis
455 1689 828 1741 impedimentisque
856 1689 1010 1728 amissis
1030 1690 1264 1740 refugerunt.
1323 1703 1417 1729 usus
1437 1697 1496 1730 est
1515 1693 1536 1726 6

160 1755 430 1805 Thrasybulus
456 1769 539 1795 non
565 1755 695 1794 minus
722 1753 933 1806 prudentia
953 1767 1074 1805 quam
1101 1754 1344 1794 fortitudine.
1402 1768 1495 1794 nam

103 1832 142 1865 ²5
161 1820 348 1859 cedentes
367 1819 505 1859 violari
521 1820 644 1860 vetuit
665 1819 787 1871 <cives
817 1818 923 1858 enim
953 1818 1104 1858 civibus
1133 1832 1293 1870 parcere
1322 1832 1495 1871 aequum

162 1885 377 1936 censebat),
413 1899 544 1936 neque
574 1885 784 1936 quisquam
818 1892 877 1924 est
907 1886 1134 1924 vulneratus
1172 1883 1247 1923 nisi
1285 1884 1354 1936 qui
1392 1884 1498 1936 prior

162 1948 391 2000 impugnare
419 1950 552 1990 voluit.
611 1950 812 1990 neminem
842 1950 1038 1989 iacentem
1072 1957 1180 1990 veste
1212 1949 1404 2001 spoliavit,
1441 1950 1496 1990 nil

160 2015 286 2066 attigit
306 2015 381 2055 nisi
400 2029 519 2064 arma,
542 2029 711 2067 quorum
732 2015 946 2066 indigebat,
969 2028 1151 2066 quaeque
1171 2016 1223 2055 ad
1243 2015 1392 2055 victum
1414 2029 1494 2067 per-

160 2079 349 2120 tinebant.
408 2081 449 2120 in
487 2082 666 2121 secundo
695 2080 846 2132 proelio
884 2080 1028 2119 cecidit
1062 2079 1215 2128 Critias,
1251 2081 1332 2119 dux
1370 2088 1495 2131 tyran-
1515 2090 1534 2126 7

100 2156 142 2186 50
160 2158 311 2193 norum,
354 2160 447 2186 cum
480 2147 647 2198 quidem
680 2147 914 2186 exadversus
952 2146 1244 2197 Thrasybulum
1284 2145 1494 2187 fortissime

160 2219 359 2262 pugnaret.

203 2325 221 2354 7
246 2314 365 2357 etiam]
383 2321 418 2347 et
433 2317 464 2349 ‘³‘
578 2326 618 2348 10
641 2316 831 2349 Atticorum
849 2313 923 2345 MR
1035 2324 1072 2354 17
1097 2315 1219 2346 dicitur
1233 2314 1332 2357 Nn'pp.
1452 2326 1492 2356 19

159 2362 229 2388 tum
247 2358 361 2390 inclus.
377 2358 487 2391 Halm
634 2369 671 2391 21
700 2359 949 2399 Minthiamque
962 2357 1051 2389 Dan.
1068 2357 1173 2389 ABP
1337 2359 1380 2390 28
1403 2369 1491 2401 quae

159 2399 229 2430 ΑΒ
243 2413 250 2432 :
274 2407 309 2433 et
323 2413 410 2442 quae
427 2401 468 2433 M
1362 2446 1404 2478 8*
